%% This BibTeX bibliography file was created using BibDesk.
%% http://bibdesk.sourceforge.net/



@article{White:1996aa,
   author = {{White}, M. and {Scott}, D.},
    title = "{The Impact of the CMB on Large-Scale Structure}",
  journal = {Comments on Astrophysics},
   eprint = {astro-ph/9601170},
 keywords = {COSMIC MICROWAVE BACKGROUND, COSMOLOGY: THEORY, LARGE-SCALE STRUCTURE},
     year = 1996,
   volume = 18,
   adsurl = {http://adsabs.harvard.edu/abs/1996ComAp..18..289W},
  adsnote = {Provided by the SAO/NASA Astrophysics Data System}
}

@article{Riess:1998aa,
   author = {{Riess}, A.~G. and {Filippenko}, A.~V. and {Challis}, P. and 
	{Clocchiatti}, A. and {Diercks}, A. and {Garnavich}, P.~M. and 
	{Gilliland}, R.~L. and {Hogan}, C.~J. and {Jha}, S. and {Kirshner}, R.~P. and 
	{Leibundgut}, B. and {Phillips}, M.~M. and {Reiss}, D. and {Schmidt}, B.~P. and 
	{Schommer}, R.~A. and {Smith}, R.~C. and {Spyromilio}, J. and 
	{Stubbs}, C. and {Suntzeff}, N.~B. and {Tonry}, J.},
    title = "{Observational Evidence from Supernovae for an Accelerating Universe and a Cosmological Constant}",
  journal = {\aj},
   eprint = {astro-ph/9805201},
 keywords = {COSMOLOGY: OBSERVATIONS, STARS: SUPERNOVAE: GENERAL},
     year = 1998,
    month = sep,
   volume = 116,
    pages = {1009-1038},
      doi = {10.1086/300499},
   adsurl = {http://adsabs.harvard.edu/abs/1998AJ....116.1009R},
  adsnote = {Provided by the SAO/NASA Astrophysics Data System}
}



@article{Oh:1999aa,
   author = {{Oh}, S.~P. and {Spergel}, D.~N. and {Hinshaw}, G.},
    title = "{An Efficient Technique to Determine the Power Spectrum from Cosmic Microwave Background Sky Maps}",
  journal = {\apj},
   eprint = {astro-ph/9805339},
 keywords = {COSMOLOGY: COSMIC MICROWAVE BACKGROUND, METHODS: STATISTICAL, Cosmology: Cosmic Microwave Background, Methods: Statistical},
     year = 1999,
    month = jan,
   volume = 510,
    pages = {551-563},
      doi = {10.1086/306629},
   adsurl = {http://adsabs.harvard.edu/abs/1999ApJ...510..551O},
  adsnote = {Provided by the SAO/NASA Astrophysics Data System}
}

@article{Guth:1982aa,
   author = {{Guth}, A.~H. and {Pi}, S.-Y.},
    title = "{Fluctuations in the new inflationary universe}",
  journal = {Physical Review Letters},
 keywords = {Cosmology, Density Wave Model, Field Theory (Physics), Quantum Theory, Radiant Flux Density, Universe, Hubble Constant, Scalars, Space-Time Functions},
     year = 1982,
    month = oct,
   volume = 49,
    pages = {1110-1113},
      doi = {10.1103/PhysRevLett.49.1110},
   adsurl = {http://adsabs.harvard.edu/abs/1982PhRvL..49.1110G},
  adsnote = {Provided by the SAO/NASA Astrophysics Data System}
}

@article{Bardeen:1983aa,
   author = {{Bardeen}, J.~M. and {Steinhardt}, P.~J. and {Turner}, M.~S.
	},
    title = "{Spontaneous creation of almost scale-free density perturbations in an inflationary universe}",
  journal = {\prd},
     year = 1983,
    month = aug,
   volume = 28,
    pages = {679-693},
      doi = {10.1103/PhysRevD.28.679},
   adsurl = {http://adsabs.harvard.edu/abs/1983PhRvD..28..679B},
  adsnote = {Provided by the SAO/NASA Astrophysics Data System}
}

@article{Knox:1995aa,
   author = {{Knox}, L.},
    title = "{Determination of inflationary observables by cosmic microwave background anisotropy experiments}",
  journal = {\prd},
   eprint = {astro-ph/9504054},
 keywords = {Particle-theory and field-theory models of the early Universe, Background radiations, Observational cosmology},
     year = 1995,
    month = oct,
   volume = 52,
    pages = {4307-4318},
      doi = {10.1103/PhysRevD.52.4307},
   adsurl = {http://adsabs.harvard.edu/abs/1995PhRvD..52.4307K},
  adsnote = {Provided by the SAO/NASA Astrophysics Data System}
}


@article{Ross:2012aa,
	Abstract = {We analyse the density field of galaxies observed by the Sloan Digital Sky Survey (SDSS)-III Baryon Oscillation Spectroscopic Survey (BOSS) included in the SDSS Data Release Nine (DR9). DR9 includes spectroscopic redshifts for over 400 000 galaxies spread over a footprint of 3275 deg2. We identify, characterize and mitigate the impact of sources of systematic uncertainty on large-scale clustering measurements, both for angular moments of the redshift-space correlation function, xil(s), and the spherically averaged power spectrum, P(k), in order to ensure that robust cosmological constraints will be obtained from these data. A correlation between the projected density of stars and the higher redshift (0.43 < z < 0.7) galaxy sample (the approximately constant stellar mass threshold 'CMASS' sample) due to imaging systematics imparts a systematic error that is larger than the statistical error of the clustering measurements at scales s > 120 h-1 Mpc or k < 0.01 h Mpc-1. We find that these errors can be ameliorated by weighting galaxies based on their surface brightness and the local stellar density. The clustering of CMASS galaxies found in the Northern and Southern Galactic footprints of the survey generally agrees to within 2sigma. We use mock galaxy catalogs that simulate the CMASS selection function to determine that randomly selecting galaxy redshifts in order to simulate the radial selection function of a random sample imparts the least systematic error on xil(s) measurements and that this systematic error is negligible for the spherically averaged correlation function, xi0. We find a peak in xi0 at s˜ 200 h-1 Mpc, with a corresponding feature with period ˜0.03 h Mpc-1 in P(k), and find features at least as strong in 4.8 per cent of the mock galaxy catalogues, concluding this feature is likely to be a consequence of cosmic variance. The methods we recommend for the calculation of clustering measurements using the CMASS sample are adopted in companion papers that locate the position of the baryon acoustic oscillation feature, constrain cosmological models using the full shape of xi0 and measure the rate of structure growth.},
	Adsnote = {Provided by the SAO/NASA Astrophysics Data System},
	Adsurl = {http://adsabs.harvard.edu/abs/2012MNRAS.424..564R},
	Archiveprefix = {arXiv},
	Arxivurl = {http://arxiv.org/abs/1203.6499},
	Author = {{Ross}, A.~J. and {Percival}, W.~J. and {S{\'a}nchez}, A.~G. and {Samushia}, L. and {Ho}, S. and {Kazin}, E. and {Manera}, M. and {Reid}, B. and {White}, M. and {Tojeiro}, R. and {McBride}, C.~K. and {Xu}, X. and {Wake}, D.~A. and {Strauss}, M.~A. and {Montesano}, F. and {Swanson}, M.~E.~C. and {Bailey}, S. and {Bolton}, A.~S. and {Dorta}, A.~M. and {Eisenstein}, D.~J. and {Guo}, H. and {Hamilton}, J.-C. and {Nichol}, R.~C. and {Padmanabhan}, N. and {Prada}, F. and {Schlegel}, D.~J. and {Maga{\~n}a}, M.~V. and {Zehavi}, I. and {Blanton}, M. and {Bizyaev}, D. and {Brewington}, H. and {Cuesta}, A.~J. and {Malanushenko}, E. and {Malanushenko}, V. and {Oravetz}, D. and {Parejko}, J. and {Pan}, K. and {Schneider}, D.~P. and {Shelden}, A. and {Simmons}, A. and {Snedden}, S. and {Zhao}, G.-b.},
	Date-Added = {2016-03-09 15:48:17 +0000},
	Date-Modified = {2016-03-09 15:48:17 +0000},
	Doi = {10.1111/j.1365-2966.2012.21235.x},
	Eprint = {1203.6499},
	Journal = {\mnras},
	Keywords = {cosmology: observations, distance scale, large-scale structure of Universe},
	Month = jul,
	Pages = {564-590},
	Title = {{The clustering of galaxies in the SDSS-III Baryon Oscillation Spectroscopic Survey: analysis of potential systematics}},
	Volume = 424,
	Year = 2012,
	Bdsk-File-1 = {YnBsaXN0MDDUAQIDBAUGJCVYJHZlcnNpb25YJG9iamVjdHNZJGFyY2hpdmVyVCR0b3ASAAGGoKgHCBMUFRYaIVUkbnVsbNMJCgsMDxJXTlMua2V5c1pOUy5vYmplY3RzViRjbGFzc6INDoACgAOiEBGABIAFgAdccmVsYXRpdmVQYXRoWWFsaWFzRGF0YV8QIC4uLy4uL0Ryb3Bib3gvUGFwZXJzL1Jvc3NfMTIucGRm0hcLGBlXTlMuZGF0YU8RAWAAAAAAAWAAAgAAA1NTRAAAAAAAAAAAAAAAAAAAAAAAAAAAAAAAAMzL3gVIKwAAAMowrAtSb3NzXzEyLnBkZgAAAAAAAAAAAAAAAAAAAAAAAAAAAAAAAAAAAAAAAAAAAAAAAAAAAAAAAAAAAAAAAAAAAAAC0ux00wWsgQAAAAAAAAAAAAIAAwAACSAAAAAAAAAAAAAAAAAAAAAGUGFwZXJzABAACAAAzMwkVQAAABEACAAA0wXy0QAAAAEAEADKMKwAmKuzAJezkwACDq0AAgAtU1NEOlVzZXJzOgBoYWhuOgBEcm9wYm94OgBQYXBlcnM6AFJvc3NfMTIucGRmAAAOABgACwBSAG8AcwBzAF8AMQAyAC4AcABkAGYADwAIAAMAUwBTAEQAEgAlVXNlcnMvaGFobi9Ecm9wYm94L1BhcGVycy9Sb3NzXzEyLnBkZgAAEwABLwAAFQACAAv//wAAgAbSGxwdHlokY2xhc3NuYW1lWCRjbGFzc2VzXU5TTXV0YWJsZURhdGGjHR8gVk5TRGF0YVhOU09iamVjdNIbHCIjXE5TRGljdGlvbmFyeaIiIF8QD05TS2V5ZWRBcmNoaXZlctEmJ1Ryb290gAEACAARABoAIwAtADIANwBAAEYATQBVAGAAZwBqAGwAbgBxAHMAdQB3AIQAjgCxALYAvgIiAiQCKQI0Aj0CSwJPAlYCXwJkAnECdAKGAokCjgAAAAAAAAIBAAAAAAAAACgAAAAAAAAAAAAAAAAAAAKQ},
	Bdsk-Url-1 = {http://dx.doi.org/10.1111/j.1365-2966.2012.21235.x},
	Bdsk-Url-2 = {http://arxiv.org/abs/1203.6499},
	Bdsk-Url-3 = {http://adsabs.harvard.edu/abs/2012MNRAS.424..564R}}


@article{Leach:2008aa,
   author = {{Leach}, S.~M. and {Cardoso}, J.-F. and {Baccigalupi}, C. and 
	{Barreiro}, R.~B. and {Betoule}, M. and {Bobin}, J. and {Bonaldi}, A. and 
	{Delabrouille}, J. and {de Zotti}, G. and {Dickinson}, C. and 
	{Eriksen}, H.~K. and {Gonz{\'a}lez-Nuevo}, J. and {Hansen}, F.~K. and 
	{Herranz}, D. and {Le Jeune}, M. and {L{\'o}pez-Caniego}, M. and 
	{Mart{\'{\i}}nez-Gonz{\'a}lez}, E. and {Massardi}, M. and {Melin}, J.-B. and 
	{Miville-Desch{\^e}nes}, M.-A. and {Patanchon}, G. and {Prunet}, S. and 
	{Ricciardi}, S. and {Salerno}, E. and {Sanz}, J.~L. and {Starck}, J.-L. and 
	{Stivoli}, F. and {Stolyarov}, V. and {Stompor}, R. and {Vielva}, P.
	},
    title = "{Component separation methods for the PLANCK mission}",
  journal = {\aap},
archivePrefix = "arXiv",
   eprint = {0805.0269},
 keywords = {cosmology: cosmic microwave background, methods: data analysis},
     year = 2008,
    month = nov,
   volume = 491,
    pages = {597-615},
      doi = {10.1051/0004-6361:200810116},
   adsurl = {http://adsabs.harvard.edu/abs/2008A%26A...491..597L},
  adsnote = {Provided by the SAO/NASA Astrophysics Data System}
}

@article{Bernardeau:2002aa,
   author = {{Bernardeau}, F. and {Colombi}, S. and {Gazta{\~n}aga}, E. and 
	{Scoccimarro}, R.},
    title = "{Large-scale structure of the Universe and cosmological perturbation theory}",
  journal = {\physrep},
   eprint = {astro-ph/0112551},
     year = 2002,
    month = sep,
   volume = 367,
    pages = {1-248},
      doi = {10.1016/S0370-1573(02)00135-7},
   adsurl = {http://adsabs.harvard.edu/abs/2002PhR...367....1B},
  adsnote = {Provided by the SAO/NASA Astrophysics Data System}
}

@article{Dressler:1980aa,
   author = {{Dressler}, A.},
    title = "{Galaxy morphology in rich clusters - Implications for the formation and evolution of galaxies}",
  journal = {\apj},
 keywords = {Elliptical Galaxies, Galactic Clusters, Galactic Evolution, Galactic Structure, Spiral Galaxies, Astronomical Maps, Density Distribution, Interstellar Gas, Telescopes, Universe, X Ray Astronomy},
     year = 1980,
    month = mar,
   volume = 236,
    pages = {351-365},
      doi = {10.1086/157753},
   adsurl = {http://adsabs.harvard.edu/abs/1980ApJ...236..351D},
  adsnote = {Provided by the SAO/NASA Astrophysics Data System}
}

@article{Santiago:1992aa,
   author = {{Santiago}, B.~X. and {Strauss}, M.~A.},
    title = "{Large-scale morphological segregation in the Center for Astrophysics redshift survey}",
  journal = {\apj},
 keywords = {Galactic Clusters, Galactic Structure, Luminosity, Red Shift, Sky Surveys (Astronomy), Dwarf Galaxies, Elliptical Galaxies, Irregular Galaxies, Monte Carlo Method, Spiral Galaxies},
     year = 1992,
    month = mar,
   volume = 387,
    pages = {9-20},
      doi = {10.1086/171056},
   adsurl = {http://adsabs.harvard.edu/abs/1992ApJ...387....9S},
  adsnote = {Provided by the SAO/NASA Astrophysics Data System}
}


@article{Steidel:1998aa,
   author = {{Steidel}, C.~C. and {Adelberger}, K.~L. and {Dickinson}, M. and 
	{Giavalisco}, M. and {Pettini}, M. and {Kellogg}, M.},
    title = "{A Large Structure of Galaxies at Redshift Z approximately 3 and Its Cosmological Implications}",
  journal = {\apj},
   eprint = {astro-ph/9708125},
 keywords = {GALAXIES: DISTANCES AND REDSHIFTS, GALAXIES: EVOLUTION, GALAXIES: FORMATION, COSMOLOGY: LARGE-SCALE STRUCTURE OF UNIVERSE, Galaxies: Distances and Redshifts, Galaxies: Evolution, Galaxies: Formation, Cosmology: Large-Scale Structure of Universe},
     year = 1998,
    month = jan,
   volume = 492,
    pages = {428-438},
      doi = {10.1086/305073},
   adsurl = {http://adsabs.harvard.edu/abs/1998ApJ...492..428S},
  adsnote = {Provided by the SAO/NASA Astrophysics Data System}
}

@ARTICLE{somerville15,
   author = {{Somerville}, R.~S. and {Dav{\'e}}, R.},
    title = "{Physical Models of Galaxy Formation in a Cosmological Framework}",
  journal = {\araa},
archivePrefix = "arXiv",
   eprint = {1412.2712},
     year = 2015,
    month = aug,
   volume = 53,
    pages = {51-113},
      doi = {10.1146/annurev-astro-082812-140951},
   adsurl = {http://adsabs.harvard.edu/abs/2015ARA%26A..53...51S},
  adsnote = {Provided by the SAO/NASA Astrophysics Data System}
}



@article{Kaiser:1984aa,
   author = {{Kaiser}, N.},
    title = "{On the spatial correlations of Abell clusters}",
  journal = {\apjl},
 keywords = {Correlation, Cosmology, Galactic Clusters, Spatial Distribution, Astronomical Models, Density Distribution, Normal Density Functions},
     year = 1984,
    month = sep,
   volume = 284,
    pages = {L9-L12},
      doi = {10.1086/184341},
   adsurl = {http://adsabs.harvard.edu/abs/1984ApJ...284L...9K},
  adsnote = {Provided by the SAO/NASA Astrophysics Data System}
}


@ARTICLE{tinker08,
   author = {{Tinker}, J. and {Kravtsov}, A.~V. and {Klypin}, A. and {Abazajian}, K. and 
	{Warren}, M. and {Yepes}, G. and {Gottl{\"o}ber}, S. and {Holz}, D.~E.
	},
    title = "{Toward a Halo Mass Function for Precision Cosmology: The Limits of Universality}",
  journal = {\apj},
archivePrefix = "arXiv",
   eprint = {0803.2706},
 keywords = {cosmology: theory, large-scale structure of universe, methods: numerical},
     year = 2008,
    month = dec,
   volume = 688,
      eid = {709-728},
    pages = {709-728},
      doi = {10.1086/591439},
   adsurl = {http://adsabs.harvard.edu/abs/2008ApJ...688..709T},
  adsnote = {Provided by the SAO/NASA Astrophysics Data System}
}

@ARTICLE{tinker10,
   author = {{Tinker}, J.~L. and {Robertson}, B.~E. and {Kravtsov}, A.~V. and 
	{Klypin}, A. and {Warren}, M.~S. and {Yepes}, G. and {Gottl{\"o}ber}, S.
	},
    title = "{The Large-scale Bias of Dark Matter Halos: Numerical Calibration and Model Tests}",
  journal = {\apj},
archivePrefix = "arXiv",
   eprint = {1001.3162},
 keywords = {cosmology: theory, large-scale structure of universe, methods: numerical},
     year = 2010,
    month = dec,
   volume = 724,
    pages = {878-886},
      doi = {10.1088/0004-637X/724/2/878},
   adsurl = {http://adsabs.harvard.edu/abs/2010ApJ...724..878T},
  adsnote = {Provided by the SAO/NASA Astrophysics Data System}
}

@ARTICLE{lemson99,
   author = {{Lemson}, G. and {Kauffmann}, G.},
    title = "{Environmental influences on dark matter haloes and consequences for the galaxies within them}",
  journal = {\mnras},
     year = 1999,
    month = jan,
   volume = 302,
    pages = {111-117},
      doi = {10.1046/j.1365-8711.1999.02090.x},
   adsurl = {http://adsabs.harvard.edu/abs/1999MNRAS.302..111L},
  adsnote = {Provided by the SAO/NASA Astrophysics Data System}
}


@ARTICLE{watson13,
   author = {{Watson}, W.~A. and {Iliev}, I.~T. and {D'Aloisio}, A. and {Knebe}, A. and 
	{Shapiro}, P.~R. and {Yepes}, G.},
    title = "{The halo mass function through the cosmic ages}",
  journal = {\mnras},
archivePrefix = "arXiv",
   eprint = {1212.0095},
 keywords = {methods: numerical, galaxies: haloes, galaxies: high-redshift, cosmology: theory, dark matter, large-scale structure of Universe},
     year = 2013,
    month = aug,
   volume = 433,
    pages = {1230-1245},
      doi = {10.1093/mnras/stt791},
   adsurl = {http://adsabs.harvard.edu/abs/2013MNRAS.433.1230W},
  adsnote = {Provided by the SAO/NASA Astrophysics Data System}
}


@article{Anderson:2012aa,
	Abstract = {We present measurements of galaxy clustering from the Baryon Oscillation Spectroscopic Survey (BOSS), which is part of the Sloan Digital Sky Survey III (SDSS-III). These use the Data Release 9 (DR9) CMASS sample, which contains 264 283 massive galaxies covering 3275 square degrees with an effective redshift z = 0.57 and redshift range 0.43 < z < 0.7. Assuming a concordance LambdaCDM cosmological model, this sample covers an effective volume of 2.2 Gpc3, and represents the largest sample of the Universe ever surveyed at this density, n¯≈3×10-4 h-3 Mpc 3. We measure the angle-averaged galaxy correlation function and power spectrum, including density-field reconstruction of the baryon acoustic oscillation (BAO) feature. The acoustic features are detected at a significance of 5sigma in both the correlation function and power spectrum. Combining with the SDSS-II luminous red galaxy sample, the detection significance increases to 6.7sigma. Fitting for the position of the acoustic features measures the distance to z = 0.57 relative to the sound horizon DV/rs = 13.67 $\pm$ 0.22 at z = 0.57. Assuming a fiducial sound horizon of 153.19 Mpc, which matches cosmic microwave background constraints, this corresponds to a distance DV (z = 0.57) = 2094 $\pm$ 34 Mpc. At 1.7 per cent, this is the most precise distance constraint ever obtained from a galaxy survey. We place this result alongside previous BAO measurements in a cosmological distance ladder and find excellent agreement with the current supernova measurements. We use these distance measurements to constrain various cosmological models, finding continuing support for a flat Universe with a cosmological constant.},
	Adsnote = {Provided by the SAO/NASA Astrophysics Data System},
	Adsurl = {http://adsabs.harvard.edu/abs/2012MNRAS.427.3435A},
	Archiveprefix = {arXiv},
	Arxivurl = {http://arXiv.org/abs/1203.6594},
	Author = {{Anderson}, L. and {Aubourg}, E. and {Bailey}, S. and {Bizyaev}, D. and {Blanton}, M. and {Bolton}, A.~S. and {Brinkmann}, J. and {Brownstein}, J.~R. and {Burden}, A. and {Cuesta}, A.~J. and {da Costa}, L.~A.~N. and {Dawson}, K.~S. and {de Putter}, R. and {Eisenstein}, D.~J. and {Gunn}, J.~E. and {Guo}, H. and {Hamilton}, J.-C. and {Harding}, P. and {Ho}, S. and {Honscheid}, K. and {Kazin}, E. and {Kirkby}, D. and {Kneib}, J.-P. and {Labatie}, A. and {Loomis}, C. and {Lupton}, R.~H. and {Malanushenko}, E. and {Malanushenko}, V. and {Mandelbaum}, R. and {Manera}, M. and {Maraston}, C. and {McBride}, C.~K. and {Mehta}, K.~T. and {Mena}, O. and {Montesano}, F. and {Muna}, D. and {Nichol}, R.~C. and {Nuza}, S.~E. and {Olmstead}, M.~D. and {Oravetz}, D. and {Padmanabhan}, N. and {Palanque-Delabrouille}, N. and {Pan}, K. and {Parejko}, J. and {P{\^a}ris}, I. and {Percival}, W.~J. and {Petitjean}, P. and {Prada}, F. and {Reid}, B. and {Roe}, N.~A. and {Ross}, A.~J. and {Ross}, N.~P. and {Samushia}, L. and {S{\'a}nchez}, A.~G. and {Schlegel}, D.~J. and {Schneider}, D.~P. and {Sc{\'o}ccola}, C.~G. and {Seo}, H.-J. and {Sheldon}, E.~S. and {Simmons}, A. and {Skibba}, R.~A. and {Strauss}, M.~A. and {Swanson}, M.~E.~C. and {Thomas}, D. and {Tinker}, J.~L. and {Tojeiro}, R. and {Maga{\~n}a}, M.~V. and {Verde}, L. and {Wagner}, C. and {Wake}, D.~A. and {Weaver}, B.~A. and {Weinberg}, D.~H. and {White}, M. and {Xu}, X. and {Y{\`e}che}, C. and {Zehavi}, I. and {Zhao}, G.-B.},
	Date-Added = {2016-03-14 21:45:40 +0000},
	Date-Modified = {2016-03-14 21:45:40 +0000},
	Doi = {10.1111/j.1365-2966.2012.22066.x},
	Eprint = {1203.6594},
	Journal = {\mnras},
	Keywords = {cosmological parameters, cosmology: observations, dark energy, distance scale, large-scale structure of Universe},
	Month = dec,
	Pages = {3435-3467},
	Primaryclass = {astro-ph.CO},
	Title = {{The clustering of galaxies in the SDSS-III Baryon Oscillation Spectroscopic Survey: baryon acoustic oscillations in the Data Release 9 spectroscopic galaxy sample}},
	Volume = 427,
	Year = 2012,
	Bdsk-File-1 = {YnBsaXN0MDDUAQIDBAUGJCVYJHZlcnNpb25YJG9iamVjdHNZJGFyY2hpdmVyVCR0b3ASAAGGoKgHCBMUFRYaIVUkbnVsbNMJCgsMDxJXTlMua2V5c1pOUy5vYmplY3RzViRjbGFzc6INDoACgAOiEBGABIAFgAdccmVsYXRpdmVQYXRoWWFsaWFzRGF0YV8QLS4uLy4uLy4uLy4uLy4uL0Ryb3Bib3gvUGFwZXJzL0FuZGVyc29uXzEyLnBkZtIXCxgZV05TLmRhdGFPEQFwAAAAAAFwAAIAAANTU0QAAAAAAAAAAAAAAAAAAAAAAAAAAAAAAADMy94FSCsAAADKMKwPQW5kZXJzb25fMTIucGRmAAAAAAAAAAAAAAAAAAAAAAAAAAAAAAAAAAAAAAAAAAAAAAAAAAAAAAAAAAAAAAAAAaSe79C/EgwAAAAAAAAAAAAFAAMAAAkgAAAAAAAAAAAAAAAAAAAABlBhcGVycwAQAAgAAMzMJFUAAAARAAgAANC/WFwAAAABABAAyjCsAJirswCXs5MAAg6tAAIAMVNTRDpVc2VyczoAaGFobjoARHJvcGJveDoAUGFwZXJzOgBBbmRlcnNvbl8xMi5wZGYAAA4AIAAPAEEAbgBkAGUAcgBzAG8AbgBfADEAMgAuAHAAZABmAA8ACAADAFMAUwBEABIAKVVzZXJzL2hhaG4vRHJvcGJveC9QYXBlcnMvQW5kZXJzb25fMTIucGRmAAATAAEvAAAVAAIAC///AACABtIbHB0eWiRjbGFzc25hbWVYJGNsYXNzZXNdTlNNdXRhYmxlRGF0YaMdHyBWTlNEYXRhWE5TT2JqZWN00hscIiNcTlNEaWN0aW9uYXJ5oiIgXxAPTlNLZXllZEFyY2hpdmVy0SYnVHJvb3SAAQAIABEAGgAjAC0AMgA3AEAARgBNAFUAYABnAGoAbABuAHEAcwB1AHcAhACOAL4AwwDLAj8CQQJGAlECWgJoAmwCcwJ8AoECjgKRAqMCpgKrAAAAAAAAAgEAAAAAAAAAKAAAAAAAAAAAAAAAAAAAAq0=},
	Bdsk-Url-1 = {http://dx.doi.org/10.1111/j.1365-2966.2012.22066.x},
	Bdsk-Url-2 = {http://arXiv.org/abs/1203.6594},
	Bdsk-Url-3 = {http://adsabs.harvard.edu/abs/2012MNRAS.427.3435A}}




@article{Eriksen:2004aa,
   author = {{Eriksen}, H.~K. and {O'Dwyer}, I.~J. and {Jewell}, J.~B. and 
	{Wandelt}, B.~D. and {Larson}, D.~L. and {G{\'o}rski}, K.~M. and 
	{Levin}, S. and {Banday}, A.~J. and {Lilje}, P.~B.},
    title = "{Power Spectrum Estimation from High-Resolution Maps by Gibbs Sampling}",
  journal = {\apjs},
   eprint = {astro-ph/0407028},
 keywords = {Cosmology: Cosmic Microwave Background, Cosmology: Observations, Methods: Numerical},
     year = 2004,
    month = dec,
   volume = 155,
    pages = {227-241},
      doi = {10.1086/425219},
   adsurl = {http://adsabs.harvard.edu/abs/2004ApJS..155..227E},
  adsnote = {Provided by the SAO/NASA Astrophysics Data System}
}



@article{Tinker:2013aa,
	Abstract = {We use measurements of the stellar mass function, galaxy clustering, and galaxy-galaxy lensing within the COSMOS survey to constrain the stellar-to-halo mass relation (SHMR) of star forming and quiescent galaxies over the redshift range z = [0.2, 1.0]. For massive galaxies, M * >~ 1010.6 M &sun;, our results indicate that star-forming galaxies grow proportionately as fast as their dark matter halos while quiescent galaxies are outpaced by dark matter growth. At lower masses, there is minimal difference in the SHMRs, implying that the majority low-mass quiescent galaxies have only recently been quenched of their star formation. Our analysis also affords a breakdown of all COSMOS galaxies into the relative numbers of central and satellite galaxies for both populations. At z = 1, satellite galaxies dominate the red sequence below the knee in the stellar mass function. But the number of quiescent satellites exhibits minimal redshift evolution; all evolution in the red sequence is due to low-mass central galaxies being quenched of their star formation. At M * ~ 1010 M &sun;, the fraction of central galaxies on the red sequence increases by a factor of 10 over our redshift baseline, while the fraction of quenched satellite galaxies at that mass is constant with redshift. We define a "migration rate" to the red sequence as the time derivative of the passive galaxy abundances. We find that the migration rate of central galaxies to the red sequence increases by nearly an order of magnitude from z = 1 to z = 0. These results imply that the efficiency of quenching star formation for centrals is increasing with cosmic time, while the mechanisms that quench the star formation of satellite galaxies in groups and clusters is losing efficiency.},
	Adsnote = {Provided by the SAO/NASA Astrophysics Data System},
	Adsurl = {http://adsabs.harvard.edu/abs/2013ApJ...778...93T},
	Archiveprefix = {arXiv},
	Arxivurl = {http://arXiv.org/abs/1308.2974},
	Author = {{Tinker}, J.~L. and {Leauthaud}, A. and {Bundy}, K. and {George}, M.~R. and {Behroozi}, P. and {Massey}, R. and {Rhodes}, J. and {Wechsler}, R.~H.},
	Date-Added = {2016-03-14 19:47:18 +0000},
	Date-Modified = {2016-03-14 19:47:18 +0000},
	Doi = {10.1088/0004-637X/778/2/93},
	Eid = {93},
	Eprint = {1308.2974},
	Journal = {\apj},
	Keywords = {cosmology: observations, galaxies: evolution, galaxies: halos},
	Month = dec,
	Pages = {93},
	Primaryclass = {astro-ph.CO},
	Title = {{Evolution of the Stellar-to-dark Matter Relation: Separating Star-forming and Passive Galaxies from z = 1 to 0}},
	Volume = 778,
	Year = 2013,
	Bdsk-File-1 = {YnBsaXN0MDDUAQIDBAUGJCVYJHZlcnNpb25YJG9iamVjdHNZJGFyY2hpdmVyVCR0b3ASAAGGoKgHCBMUFRYaIVUkbnVsbNMJCgsMDxJXTlMua2V5c1pOUy5vYmplY3RzViRjbGFzc6INDoACgAOiEBGABIAFgAdccmVsYXRpdmVQYXRoWWFsaWFzRGF0YV8QLi4uLy4uLy4uLy4uLy4uL0Ryb3Bib3gvUGFwZXJzL1Rpbmtlcl8yMDEzYS5wZGbSFwsYGVdOUy5kYXRhTxEBcgAAAAABcgACAAADU1NEAAAAAAAAAAAAAAAAAAAAAAAAAAAAAAAAzMveBUgrAAAAyjCsEFRpbmtlcl8yMDEzYS5wZGYAAAAAAAAAAAAAAAAAAAAAAAAAAAAAAAAAAAAAAAAAAAAAAAAAAAAAAAAAAAAAAAD+gtzPhX4SAAAAAAAAAAAABQADAAAJIAAAAAAAAAAAAAAAAAAAAAZQYXBlcnMAEAAIAADMzCRVAAAAEQAIAADPhbZSAAAAAQAQAMowrACYq7MAl7OTAAIOrQACADJTU0Q6VXNlcnM6AGhhaG46AERyb3Bib3g6AFBhcGVyczoAVGlua2VyXzIwMTNhLnBkZgAOACIAEABUAGkAbgBrAGUAcgBfADIAMAAxADMAYQAuAHAAZABmAA8ACAADAFMAUwBEABIAKlVzZXJzL2hhaG4vRHJvcGJveC9QYXBlcnMvVGlua2VyXzIwMTNhLnBkZgATAAEvAAAVAAIAC///AACABtIbHB0eWiRjbGFzc25hbWVYJGNsYXNzZXNdTlNNdXRhYmxlRGF0YaMdHyBWTlNEYXRhWE5TT2JqZWN00hscIiNcTlNEaWN0aW9uYXJ5oiIgXxAPTlNLZXllZEFyY2hpdmVy0SYnVHJvb3SAAQAIABEAGgAjAC0AMgA3AEAARgBNAFUAYABnAGoAbABuAHEAcwB1AHcAhACOAL8AxADMAkICRAJJAlQCXQJrAm8CdgJ/AoQCkQKUAqYCqQKuAAAAAAAAAgEAAAAAAAAAKAAAAAAAAAAAAAAAAAAAArA=},
	Bdsk-Url-1 = {http://dx.doi.org/10.1088/0004-637X/778/2/93},
	Bdsk-Url-2 = {http://arXiv.org/abs/1308.2974},
	Bdsk-Url-3 = {http://adsabs.harvard.edu/abs/2013ApJ...778...93T}}

@article{Tinker:2011aa,
	Abstract = {The properties of dark matter halos, including mass growth, correlate with larger scale environment at fixed mass, an effect known as assembly bias. However, whether this environmental dependence manifests itself in galaxy properties remains unclear. We apply a group-finding algorithm to DR7 of the SDSS to estimate the halo mass of each galaxy and to decompose galaxies into those that exist at the centers of distinct halos and those that orbit as satellites within larger halos. Using the 4000-A break as a measure of star formation history, we examine the correlation between the quenched fraction of galaxies, f_q, and large-scale environment, rho. At all galaxy magnitudes, there is a positive, monotonic relationship between f_q and rho. We use the group catalog to decompose this correlation into the contribution from central and satellite galaxies as a function of halo mass. Because satellites are more likely to be quenched than central galaxies, the observed f_q-rho correlation is primarily due to variations of the halo mass function with environment, which causes a larger fraction of satellite galaxies at high rho. For low-mass central galaxies (Mgal <~ 10^10.0 Msol/h^2), there is no correlation between f_q and rho. These results are inconsistent with the strong assembly bias of dark matter halos seen in this mass regime if recent galaxy growth at all correlates with recent halo growth, as we demonstrate through a high resolution N-body simulation. We also find that the mean stellar age of quenched central galaxies is independent of rho at fixed Mgal, while the formation times of low mass halos vary significantly. We conclude that the processes that halt the star formation of low mass central galaxies are not correlated to the formation histories of their host halos, and old galaxies do not reside preferentially in old halos. (Abridged)},
	Adscomment = {21 pages, submitted to MNRAS},
	Adsnote = {Provided by the SAO/NASA Astrophysics Data System},
	Adsurl = {http://adsabs.harvard.edu/abs/2011arXiv1107.5046T},
	Archiveprefix = {arXiv},
	Arxivurl = {http://arXiv.org/abs/1107.5046},
	Author = {{Tinker}, J. and {Wetzel}, A. and {Conroy}, C.},
	Date-Added = {2016-03-14 19:47:13 +0000},
	Date-Modified = {2016-03-14 19:47:13 +0000},
	Eprint = {1107.5046},
	Journal = {ArXiv e-prints},
	Keywords = {Astrophysics - Cosmology and Extragalactic Astrophysics},
	Month = jul,
	Primaryclass = {astro-ph.CO},
	Title = {{Are Halo and Galaxy Formation Histories Correlated?}},
	Year = 2011,
	Bdsk-File-1 = {YnBsaXN0MDDUAQIDBAUGJCVYJHZlcnNpb25YJG9iamVjdHNZJGFyY2hpdmVyVCR0b3ASAAGGoKgHCBMUFRYaIVUkbnVsbNMJCgsMDxJXTlMua2V5c1pOUy5vYmplY3RzViRjbGFzc6INDoACgAOiEBGABIAFgAdccmVsYXRpdmVQYXRoWWFsaWFzRGF0YV8QKy4uLy4uLy4uLy4uLy4uL0Ryb3Bib3gvUGFwZXJzL1Rpbmtlcl8xMS5wZGbSFwsYGVdOUy5kYXRhTxEBaAAAAAABaAACAAADU1NEAAAAAAAAAAAAAAAAAAAAAAAAAAAAAAAAzMveBUgrAAAAyjCsDVRpbmtlcl8xMS5wZGYAAAAAAAAAAAAAAAAAAAAAAAAAAAAAAAAAAAAAAAAAAAAAAAAAAAAAAAAAAAAAAAAAAAEnPL3P6ZmUAAAAAAAAAAAABQADAAAJIAAAAAAAAAAAAAAAAAAAAAZQYXBlcnMAEAAIAADMzCRVAAAAEQAIAADP6dHUAAAAAQAQAMowrACYq7MAl7OTAAIOrQACAC9TU0Q6VXNlcnM6AGhhaG46AERyb3Bib3g6AFBhcGVyczoAVGlua2VyXzExLnBkZgAADgAcAA0AVABpAG4AawBlAHIAXwAxADEALgBwAGQAZgAPAAgAAwBTAFMARAASACdVc2Vycy9oYWhuL0Ryb3Bib3gvUGFwZXJzL1Rpbmtlcl8xMS5wZGYAABMAAS8AABUAAgAL//8AAIAG0hscHR5aJGNsYXNzbmFtZVgkY2xhc3Nlc11OU011dGFibGVEYXRhox0fIFZOU0RhdGFYTlNPYmplY3TSGxwiI1xOU0RpY3Rpb25hcnmiIiBfEA9OU0tleWVkQXJjaGl2ZXLRJidUcm9vdIABAAgAEQAaACMALQAyADcAQABGAE0AVQBgAGcAagBsAG4AcQBzAHUAdwCEAI4AvADBAMkCNQI3AjwCRwJQAl4CYgJpAnICdwKEAocCmQKcAqEAAAAAAAACAQAAAAAAAAAoAAAAAAAAAAAAAAAAAAACow==},
	Bdsk-Url-1 = {http://arXiv.org/abs/1107.5046},
	Bdsk-Url-2 = {http://adsabs.harvard.edu/abs/2011arXiv1107.5046T}}

@article{Rodriguez-Torres:2015aa,
	Abstract = {We present a study of the clustering and halo occupation distribution of BOSS CMASS galaxies in the redshift range 0.43 < z < 0.7 drawn from the Final SDSS-III Data Release. We compare the BOSS results with the predictions of a halo abundance matching (HAM) clustering model that assigns galaxies to dark matter halos selected from the large BigMultiDark N-body simulation of a flat $\Lambda$CDM Planck cosmology. We compare the observational data with the simulated ones on a light-cone constructed from 20 subsequent outputs of the simulation. Observational effects such as incompleteness, geometry, veto masks and fiber collisions are included in the model, which reproduces within 1-$\sigma$ errors the observed monopole of the 2-point correlation function at all relevant scales{: --} from the smallest scales, 0.5 $h^{-1}$Mpc , up to scales beyond the Baryonic Acoustic Oscillation feature. This model also agrees remarkably well with the BOSS galaxy power spectrum (up to $k\sim1$ $h$ Mpc$^{-1}$), and the three-point correlation function. The quadrupole of the correlation function presents some tensions with observations. We discuss possible causes that can explain this disagreement, including target selection effects. Overall, the standard HAM model describes remarkably well the clustering statistics of the CMASS sample. We compare the stellar to halo mass relation for the CMASS sample measured using weak lensing in the CFHT Stripe 82 Survey with the prediction of our clustering model, and find a good agreement within 1-$\sigma$. The BigMD-BOSS light-cone catalogue including properties of BOSS galaxies such as stellar masses, M/L ratios, luminosities, velocity dispersion and halo properties is made publicly available.},
	Adscomment = {15 pages, 16 figures. See companion papers that share the 'The clustering of galaxies in the SDSS-III Baryon Oscillation Spectroscopic Survey:' title},
	Adsnote = {Provided by the SAO/NASA Astrophysics Data System},
	Adsurl = {http://adsabs.harvard.edu/abs/2015arXiv150906404R},
	Archiveprefix = {arXiv},
	Arxivurl = {http://arxiv.org/abs/1509.06404},
	Author = {{Rodr{\'{\i}}guez-Torres}, S.~A. and {Prada}, F. and {Chuang}, C.-H. and {Guo}, H. and {Klypin}, A. and {Behroozi}, P. and {Hahn}, C.~H. and {Comparat}, J. and {Yepes}, G. and {Montero-Dorta}, A.~D. and {Brownstein}, J.~R. and {Maraston}, C. and {McBride}, C.~K. and {Tinker}, J. and {Gottl{\"o}ber}, S. and {Favole}, G. and {Shu}, Y. and {Kitaura}, F.-S. and {Bolton}, A. and {Scoccimarro}, R. and {Samushia}, L. and {Schlegel}, D. and {Schneider}, D.~P. and {Thomas}, D.},
	Date-Added = {2016-03-14 19:31:26 +0000},
	Date-Modified = {2016-03-14 19:31:26 +0000},
	Eprint = {1509.06404},
	Journal = {ArXiv e-prints},
	Keywords = {Astrophysics - Cosmology and Nongalactic Astrophysics, Astrophysics - Astrophysics of Galaxies},
	Month = sep,
	Title = {{The clustering of galaxies in the SDSS-III Baryon Oscillation Spectroscopic Survey: Modeling the clustering and halo occupation distribution of BOSS-CMASS galaxies in the Final Data Release}},
	Year = 2015,
	Bdsk-File-1 = {YnBsaXN0MDDUAQIDBAUGJCVYJHZlcnNpb25YJG9iamVjdHNZJGFyY2hpdmVyVCR0b3ASAAGGoKgHCBMUFRYaIVUkbnVsbNMJCgsMDxJXTlMua2V5c1pOUy5vYmplY3RzViRjbGFzc6INDoACgAOiEBGABIAFgAdccmVsYXRpdmVQYXRoWWFsaWFzRGF0YV8QGlJvZHJcaWd1ZXotVG9ycmVzXzIwMTUucGRm0hcLGBlXTlMuZGF0YU8RAbgAAAAAAbgAAgAADE1hY2ludG9zaCBIRAAAAAAAAAAAAAAAAAAAAM3IwOpIKwAAAAwmVRpSb2RyXGlndWV6LVRvcnJlc18yMDE1LnBkZgAAAAAAAAAAAAAAAAAAAAAAAAAAAAAAAAAAAAAAAAAAAAAAAAADEtUv0uNxkQAAAAAAAAAAAAEAAgAACSAAAAAAAAAAAAAAAAAAAAAGUGFwZXJzABAACAAAzcj5KgAAABEACAAA0uO34QAAAAEAEAAMJlUABmA0AAXBHQACEikAAgBGTWFjaW50b3NoIEhEOlVzZXJzOgBjaGFuZzoARHJvcGJveDoAUGFwZXJzOgBSb2RyXGlndWV6LVRvcnJlc18yMDE1LnBkZgAOADYAGgBSAG8AZAByAFwAaQBnAHUAZQB6AC0AVABvAHIAcgBlAHMAXwAyADAAMQA1AC4AcABkAGYADwAaAAwATQBhAGMAaQBuAHQAbwBzAGgAIABIAEQAEgA1VXNlcnMvY2hhbmcvRHJvcGJveC9QYXBlcnMvUm9kclxpZ3Vlei1Ub3JyZXNfMjAxNS5wZGYAABMAAS8AABUAAgAM//8AAIAG0hscHR5aJGNsYXNzbmFtZVgkY2xhc3Nlc11OU011dGFibGVEYXRhox0fIFZOU0RhdGFYTlNPYmplY3TSGxwiI1xOU0RpY3Rpb25hcnmiIiBfEA9OU0tleWVkQXJjaGl2ZXLRJidUcm9vdIABAAgAEQAaACMALQAyADcAQABGAE0AVQBgAGcAagBsAG4AcQBzAHUAdwCEAI4AqwCwALgCdAJ2AnsChgKPAp0CoQKoArECtgLDAsYC2ALbAuAAAAAAAAACAQAAAAAAAAAoAAAAAAAAAAAAAAAAAAAC4g==},
	Bdsk-Url-1 = {http://arxiv.org/abs/1509.06404},
	Bdsk-Url-2 = {http://adsabs.harvard.edu/abs/2015arXiv150906404R}}

@article{Wandelt:2004aa,
	Abstract = {We describe an efficient and exact method that enables global Bayesian analysis of cosmic microwave background (CMB) data. The method reveals the joint posterior density (or likelihood for flat priors) of the power spectrum Cl and the CMB signal. Foregrounds and instrumental parameters can be simultaneously inferred from the data. The method allows the specification of a wide range of foreground priors. We explicitly show how to propagate the non-Gaussian dependency structure of the Cl posterior through to the posterior density of the parameters. If desired, the analysis can be coupled to theoretical (cosmological) priors and can yield the posterior density of cosmological parameter estimates directly from the time-ordered data. The method does not hinge on special assumptions about the survey geometry or noise properties, etc., It is based on a Monte Carlo approach and hence parallelizes trivially. No trace or determinant evaluations are necessary. The feasibility of this approach rests on the ability to solve the systems of linear equations which arise. These are of the same size and computational complexity as the map-making equations. We describe a preconditioned conjugate gradient technique that solves this problem and demonstrate in a numerical example that the computational time required for each Monte Carlo sample scales as n3/2p with the number of pixels np. We use our method to analyze the data from the Differential Microwave Radiometer on the Cosmic Background Explorer and explore the non-Gaussian joint posterior density of the Cl from the Differential Microwave Radiometer on the Cosmic Background Explorer in several projections.},
	Adsnote = {Provided by the SAO/NASA Astrophysics Data System},
	Adsurl = {http://adsabs.harvard.edu/abs/2004PhRvD..70h3511W},
	Arxivurl = {http://arxiv.org/abs/astro-ph/0310080},
	Author = {{Wandelt}, B.~D. and {Larson}, D.~L. and {Lakshminarayanan}, A.},
	Date-Added = {2016-03-14 18:14:14 +0000},
	Date-Modified = {2016-03-14 18:14:14 +0000},
	Doi = {10.1103/PhysRevD.70.083511},
	Eid = {083511},
	Eprint = {astro-ph/0310080},
	Journal = {\prd},
	Keywords = {Cosmology, Multivariate analysis, Computational techniques, simulations, Background radiations},
	Month = oct,
	Number = 8,
	Pages = {083511},
	Title = {{Global, exact cosmic microwave background data analysis using Gibbs sampling}},
	Volume = 70,
	Year = 2004,
	Bdsk-File-1 = {YnBsaXN0MDDUAQIDBAUGJCVYJHZlcnNpb25YJG9iamVjdHNZJGFyY2hpdmVyVCR0b3ASAAGGoKgHCBMUFRYaIVUkbnVsbNMJCgsMDxJXTlMua2V5c1pOUy5vYmplY3RzViRjbGFzc6INDoACgAOiEBGABIAFgAdccmVsYXRpdmVQYXRoWWFsaWFzRGF0YV8QLC4uLy4uLy4uLy4uLy4uL0Ryb3Bib3gvUGFwZXJzL1dhbmRlbHRfMDQucGRm0hcLGBlXTlMuZGF0YU8RAWoAAAAAAWoAAgAAA1NTRAAAAAAAAAAAAAAAAAAAAAAAAAAAAAAAAMzL3gVIKwAAAMowrA5XYW5kZWx0XzA0LnBkZgAAAAAAAAAAAAAAAAAAAAAAAAAAAAAAAAAAAAAAAAAAAAAAAAAAAAAAAAAAAAAAAAAC1W7T0wx3oQAAAAAAAAAAAAUAAwAACSAAAAAAAAAAAAAAAAAAAAAGUGFwZXJzABAACAAAzMwkVQAAABEACAAA0wyv4QAAAAEAEADKMKwAmKuzAJezkwACDq0AAgAwU1NEOlVzZXJzOgBoYWhuOgBEcm9wYm94OgBQYXBlcnM6AFdhbmRlbHRfMDQucGRmAA4AHgAOAFcAYQBuAGQAZQBsAHQAXwAwADQALgBwAGQAZgAPAAgAAwBTAFMARAASAChVc2Vycy9oYWhuL0Ryb3Bib3gvUGFwZXJzL1dhbmRlbHRfMDQucGRmABMAAS8AABUAAgAL//8AAIAG0hscHR5aJGNsYXNzbmFtZVgkY2xhc3Nlc11OU011dGFibGVEYXRhox0fIFZOU0RhdGFYTlNPYmplY3TSGxwiI1xOU0RpY3Rpb25hcnmiIiBfEA9OU0tleWVkQXJjaGl2ZXLRJidUcm9vdIABAAgAEQAaACMALQAyADcAQABGAE0AVQBgAGcAagBsAG4AcQBzAHUAdwCEAI4AvQDCAMoCOAI6Aj8CSgJTAmECZQJsAnUCegKHAooCnAKfAqQAAAAAAAACAQAAAAAAAAAoAAAAAAAAAAAAAAAAAAACpg==},
	Bdsk-Url-1 = {http://dx.doi.org/10.1103/PhysRevD.70.083511},
	Bdsk-Url-2 = {http://arxiv.org/abs/astro-ph/0310080},
	Bdsk-Url-3 = {http://adsabs.harvard.edu/abs/2004PhRvD..70h3511W}}

@article{Ishida:2015aa,
	Abstract = {Approximate Bayesian Computation (ABC) enables parameter inference for complex physical systems in cases where the true likelihood function is unknown, unavailable, or computationally too expensive. It relies on the forward simulation of mock data and comparison between observed and synthetic catalogues. Here we present COSMOABC, a Python ABC sampler featuring a Population Monte Carlo variation of the original ABC algorithm, which uses an adaptive importance sampling scheme. The code is very flexible and can be easily coupled to an external simulator, while allowing to incorporate arbitrary distance and prior functions. As an example of practical application, we coupled COSMOABC with the NUMCOSMO library and demonstrate how it can be used to estimate posterior probability distributions over cosmological parameters based on measurements of galaxy clusters number counts without computing the likelihood function. COSMOABC is published under the GPLv3 license on PyPI and GitHub and documentation is available at http://goo.gl/SmB8EX.},
	Adsnote = {Provided by the SAO/NASA Astrophysics Data System},
	Adsurl = {http://adsabs.harvard.edu/abs/2015A%26C....13....1I},
	Archiveprefix = {arXiv},
	Arxivurl = {http://arXiv.org/abs/1504.06129},
	Author = {{Ishida}, E.~E.~O. and {Vitenti}, S.~D.~P. and {Penna-Lima}, M. and {Cisewski}, J. and {de Souza}, R.~S. and {Trindade}, A.~M.~M. and {Cameron}, E. and {Busti}, V.~C.},
	Date-Added = {2016-03-14 18:14:14 +0000},
	Date-Modified = {2016-03-14 18:14:14 +0000},
	Doi = {10.1016/j.ascom.2015.09.001},
	Eprint = {1504.06129},
	Journal = {Astronomy and Computing},
	Keywords = {Galaxies: statistics, (cosmology:) large-scale structure of universe},
	Month = nov,
	Pages = {1-11},
	Title = {{COSMOABC: Likelihood-free inference via Population Monte Carlo Approximate Bayesian Computation}},
	Volume = 13,
	Year = 2015,
	Bdsk-File-1 = {YnBsaXN0MDDUAQIDBAUGJCVYJHZlcnNpb25YJG9iamVjdHNZJGFyY2hpdmVyVCR0b3ASAAGGoKgHCBMUFRYaIVUkbnVsbNMJCgsMDxJXTlMua2V5c1pOUy5vYmplY3RzViRjbGFzc6INDoACgAOiEBGABIAFgAdccmVsYXRpdmVQYXRoWWFsaWFzRGF0YV8QKy4uLy4uLy4uLy4uLy4uL0Ryb3Bib3gvUGFwZXJzL0lzaGlkYV8xNS5wZGbSFwsYGVdOUy5kYXRhTxEBaAAAAAABaAACAAADU1NEAAAAAAAAAAAAAAAAAAAAAAAAAAAAAAAAzMveBUgrAAAAyjCsDUlzaGlkYV8xNS5wZGYAAAAAAAAAAAAAAAAAAAAAAAAAAAAAAAAAAAAAAAAAAAAAAAAAAAAAAAAAAAAAAAAAAAKyAurSstuNAAAAAAAAAAAABQADAAAJIAAAAAAAAAAAAAAAAAAAAAZQYXBlcnMAEAAIAADMzCRVAAAAEQAIAADSsyHdAAAAAQAQAMowrACYq7MAl7OTAAIOrQACAC9TU0Q6VXNlcnM6AGhhaG46AERyb3Bib3g6AFBhcGVyczoASXNoaWRhXzE1LnBkZgAADgAcAA0ASQBzAGgAaQBkAGEAXwAxADUALgBwAGQAZgAPAAgAAwBTAFMARAASACdVc2Vycy9oYWhuL0Ryb3Bib3gvUGFwZXJzL0lzaGlkYV8xNS5wZGYAABMAAS8AABUAAgAL//8AAIAG0hscHR5aJGNsYXNzbmFtZVgkY2xhc3Nlc11OU011dGFibGVEYXRhox0fIFZOU0RhdGFYTlNPYmplY3TSGxwiI1xOU0RpY3Rpb25hcnmiIiBfEA9OU0tleWVkQXJjaGl2ZXLRJidUcm9vdIABAAgAEQAaACMALQAyADcAQABGAE0AVQBgAGcAagBsAG4AcQBzAHUAdwCEAI4AvADBAMkCNQI3AjwCRwJQAl4CYgJpAnICdwKEAocCmQKcAqEAAAAAAAACAQAAAAAAAAAoAAAAAAAAAAAAAAAAAAACow==},
	Bdsk-Url-1 = {http://dx.doi.org/10.1016/j.ascom.2015.09.001},
	Bdsk-Url-2 = {http://arXiv.org/abs/1504.06129},
	Bdsk-Url-3 = {http://adsabs.harvard.edu/abs/2015A%26C....13....1I}}



@article{Mo:1996aa,
   author = {{Mo}, H.~J. and {White}, S.~D.~M.},
    title = "{An analytic model for the spatial clustering of dark matter haloes}",
  journal = {\mnras},
   eprint = {astro-ph/9512127},
 keywords = {METHODS: ANALYTICAL, GALAXIES: CLUSTERS: GENERAL, GALAXIES: FORMATION, COSMOLOGY: THEORY, DARK MATTER},
     year = 1996,
    month = sep,
   volume = 282,
    pages = {347-361},
      doi = {10.1093/mnras/282.2.347},
   adsurl = {http://adsabs.harvard.edu/abs/1996MNRAS.282..347M},
  adsnote = {Provided by the SAO/NASA Astrophysics Data System}
}


@article{Sommerville:2001aa,
   author = {{Somerville}, R.~S. and {Lemson}, G. and {Sigad}, Y. and {Dekel}, A. and 
	{Kauffmann}, G. and {White}, S.~D.~M.},
    title = "{Non-linear stochastic galaxy biasing in cosmological simulations}",
  journal = {\mnras},
   eprint = {astro-ph/9912073},
 keywords = {methods: numerical, galaxies: clusters: general, galaxies: haloes, dark matter, large-scale structure of Universe},
     year = 2001,
    month = jan,
   volume = 320,
    pages = {289-306},
      doi = {10.1046/j.1365-8711.2001.03894.x},
   adsurl = {http://adsabs.harvard.edu/abs/2001MNRAS.320..289S},
  adsnote = {Provided by the SAO/NASA Astrophysics Data System}
}

@article{Casas-Miranda:2002aa,
   author = {{Casas-Miranda}, R. and {Mo}, H.~J. and {Sheth}, R.~K. and {Boerner}, G.
	},
    title = "{On the distribution of haloes, galaxies and mass}",
  journal = {\mnras},
   eprint = {astro-ph/0105008},
 keywords = {galaxies: clusters: general, galaxies: formation, cosmology: theory, dark matter, galaxies: clusters: general, galaxies: formation, cosmology: theory, dark matter},
     year = 2002,
    month = jul,
   volume = 333,
    pages = {730-738},
      doi = {10.1046/j.1365-8711.2002.05378.x},
   adsurl = {http://adsabs.harvard.edu/abs/2002MNRAS.333..730C},
  adsnote = {Provided by the SAO/NASA Astrophysics Data System}
}





@article{abcrejectionsampling,
  title={Population growth of human Y chromosomes: a study of Y chromosome microsatellites.},
  author={Pritchard, Jonathan K and Seielstad, Mark T and Perez-Lezaun, Anna and Feldman, Marcus W},
  journal={Molecular biology and evolution},
  volume={16},
  number={12},
  pages={1791--1798},
  year={1999},
  publisher={SMBE}
}


@article{optimalkernel,
  title={On optimal kernels for ABC SMC},
  author={Filippi, Sarah and Barnes, Chris and Stumpf, M},
  journal={arXiv preprint arXiv:1106.6280},
  year={2011}
}


@article{abcpmc,
  title={Adaptive approximate Bayesian computation},
  author={Beaumont, Mark A and Cornuet, Jean-Marie and Marin, Jean-Michel and Robert, Christian P},
  journal={Biometrika},
  pages={asp052},
  year={2009},
  publisher={Biometrika Trust}
}


@article{smc,
  title={Sequential monte carlo samplers},
  author={Del Moral, Pierre and Doucet, Arnaud and Jasra, Ajay},
  journal={Journal of the Royal Statistical Society: Series B (Statistical Methodology)},
  volume={68},
  number={3},
  pages={411--436},
  year={2006},
  publisher={Wiley Online Library}
}


@ARTICLE{Dawson:2013a,
    author = {{Dawson}, K.~S. and {Schlegel}, D.~J. and {Ahn}, C.~P. and {Anderson}, S.~F. and 
        {Aubourg}, {\'E}. and {Bailey}, S. and {Barkhouser}, R.~H. and 
        {Bautista}, J.~E. and {Beifiori}, A. and {Berlind}, A.~A. and 
        {Bhardwaj}, V. and {Bizyaev}, D. and {Blake}, C.~H. and {Blanton}, M.~R. and 
        {Blomqvist}, M. and {Bolton}, A.~S. and {Borde}, A. and {Bovy}, J. and 
        {Brandt}, W.~N. and {Brewington}, H. and {Brinkmann}, J. and 
        {Brown}, P.~J. and {Brownstein}, J.~R. and {Bundy}, K. and {Busca}, N.~G. and 
        {Carithers}, W. and {Carnero}, A.~R. and {Carr}, M.~A. and {Chen}, Y. and 
        {Comparat}, J. and {Connolly}, N. and {Cope}, F. and {Croft}, R.~A.~C. and 
        {Cuesta}, A.~J. and {da Costa}, L.~N. and {Davenport}, J.~R.~A. and 
        {Delubac}, T. and {de Putter}, R. and {Dhital}, S. and {Ealet}, A. and 
        {Ebelke}, G.~L. and {Eisenstein}, D.~J. and {Escoffier}, S. and 
        {Fan}, X. and {Filiz Ak}, N. and {Finley}, H. and {Font-Ribera}, A. and 
        {G{\'e}nova-Santos}, R. and {Gunn}, J.~E. and {Guo}, H. and 
        {Haggard}, D. and {Hall}, P.~B. and {Hamilton}, J.-C. and {Harris}, B. and 
        {Harris}, D.~W. and {Ho}, S. and {Hogg}, D.~W. and {Holder}, D. and 
        {Honscheid}, K. and {Huehnerhoff}, J. and {Jordan}, B. and {Jordan}, W.~P. and 
        {Kauffmann}, G. and {Kazin}, E.~A. and {Kirkby}, D. and {Klaene}, M.~A. and 
        {Kneib}, J.-P. and {Le Goff}, J.-M. and {Lee}, K.-G. and {Long}, D.~C. and 
        {Loomis}, C.~P. and {Lundgren}, B. and {Lupton}, R.~H. and {Maia}, M.~A.~G. and 
        {Makler}, M. and {Malanushenko}, E. and {Malanushenko}, V. and 
        {Mandelbaum}, R. and {Manera}, M. and {Maraston}, C. and {Margala}, D. and 
        {Masters}, K.~L. and {McBride}, C.~K. and {McDonald}, P. and 
        {McGreer}, I.~D. and {McMahon}, R.~G. and {Mena}, O. and {Miralda-Escud{\'e}}, J. and 
        {Montero-Dorta}, A.~D. and {Montesano}, F. and {Muna}, D. and 
        {Myers}, A.~D. and {Naugle}, T. and {Nichol}, R.~C. and {Noterdaeme}, P. and 
        {Nuza}, S.~E. and {Olmstead}, M.~D. and {Oravetz}, A. and {Oravetz}, D.~J. and 
        {Owen}, R. and {Padmanabhan}, N. and {Palanque-Delabrouille}, N. and 
        {Pan}, K. and {Parejko}, J.~K. and {P{\^a}ris}, I. and {Percival}, W.~J. and 
        {P{\'e}rez-Fournon}, I. and {P{\'e}rez-R{\`a}fols}, I. and {Petitjean}, P. and 
        {Pfaffenberger}, R. and {Pforr}, J. and {Pieri}, M.~M. and {Prada}, F. and 
        {Price-Whelan}, A.~M. and {Raddick}, M.~J. and {Rebolo}, R. and 
        {Rich}, J. and {Richards}, G.~T. and {Rockosi}, C.~M. and {Roe}, N.~A. and 
        {Ross}, A.~J. and {Ross}, N.~P. and {Rossi}, G. and {Rubi{\~n}o-Martin}, J.~A. and 
        {Samushia}, L. and {S{\'a}nchez}, A.~G. and {Sayres}, C. and 
        {Schmidt}, S.~J. and {Schneider}, D.~P. and {Sc{\'o}ccola}, C.~G. and 
        {Seo}, H.-J. and {Shelden}, A. and {Sheldon}, E. and {Shen}, Y. and 
        {Shu}, Y. and {Slosar}, A. and {Smee}, S.~A. and {Snedden}, S.~A. and 
        {Stauffer}, F. and {Steele}, O. and {Strauss}, M.~A. and {Streblyanska}, A. and 
        {Suzuki}, N. and {Swanson}, M.~E.~C. and {Tal}, T. and {Tanaka}, M. and 
        {Thomas}, D. and {Tinker}, J.~L. and {Tojeiro}, R. and {Tremonti}, C.~A. and 
        {Vargas Maga{\~n}a}, M. and {Verde}, L. and {Viel}, M. and {Wake}, D.~A. and 
        {Watson}, M. and {Weaver}, B.~A. and {Weinberg}, D.~H. and {Weiner}, B.~J. and 
        {West}, A.~A. and {White}, M. and {Wood-Vasey}, W.~M. and {Yeche}, C. and 
        {Zehavi}, I. and {Zhao}, G.-B. and {Zheng}, Z.},
    title = "{The Baryon Oscillation Spectroscopic Survey of SDSS-III}",
    journal = {\aj},
    archivePrefix = "arXiv",
    eprint = {1208.0022},
    keywords = {cosmology: observations, surveys},
    year = 2013,
    month = jan,
    volume = 145,
    eid = {10},
    pages = {10},
    doi = {10.1088/0004-6256/145/1/10},
    adsurl = {http://adsabs.harvard.edu/abs/2013AJ....145...10D},
    adsnote = {Provided by the SAO/NASA Astrophysics Data System}
}



@article{eboss,
   author = {{Dawson}, K.~S. and {Kneib}, J.-P. and {Percival}, W.~J. and 
	{Alam}, S. and {Albareti}, F.~D. and {Anderson}, S.~F. and {Armengaud}, E. and 
	{Aubourg}, {\'E}. and {Bailey}, S. and {Bautista}, J.~E. and 
	{Berlind}, A.~A. and {Bershady}, M.~A. and {Beutler}, F. and 
	{Bizyaev}, D. and {Blanton}, M.~R. and {Blomqvist}, M. and {Bolton}, A.~S. and 
	{Bovy}, J. and {Brandt}, W.~N. and {Brinkmann}, J. and {Brownstein}, J.~R. and 
	{Burtin}, E. and {Busca}, N.~G. and {Cai}, Z. and {Chuang}, C.-H. and 
	{Clerc}, N. and {Comparat}, J. and {Cope}, F. and {Croft}, R.~A.~C. and 
	{Cruz-Gonzalez}, I. and {da Costa}, L.~N. and {Cousinou}, M.-C. and 
	{Darling}, J. and {de la Macorra}, A. and {de la Torre}, S. and 
	{Delubac}, T. and {du Mas des Bourboux}, H. and {Dwelly}, T. and 
	{Ealet}, A. and {Eisenstein}, D.~J. and {Eracleous}, M. and 
	{Escoffier}, S. and {Fan}, X. and {Finoguenov}, A. and {Font-Ribera}, A. and 
	{Frinchaboy}, P. and {Gaulme}, P. and {Georgakakis}, A. and 
	{Green}, P. and {Guo}, H. and {Guy}, J. and {Ho}, S. and {Holder}, D. and 
	{Huehnerhoff}, J. and {Hutchinson}, T. and {Jing}, Y. and {Jullo}, E. and 
	{Kamble}, V. and {Kinemuchi}, K. and {Kirkby}, D. and {Kitaura}, F.-S. and 
	{Klaene}, M.~A. and {Laher}, R.~R. and {Lang}, D. and {Laurent}, P. and 
	{Le Goff}, J.-M. and {Li}, C. and {Liang}, Y. and {Lima}, M. and 
	{Lin}, Q. and {Lin}, W. and {Lin}, Y.-T. and {Long}, D.~C. and 
	{Lundgren}, B. and {MacDonald}, N. and {Geimba Maia}, M.~A. and 
	{Malanushenko}, E. and {Malanushenko}, V. and {Mariappan}, V. and 
	{McBride}, C.~K. and {McGreer}, I.~D. and {M{\'e}nard}, B. and 
	{Merloni}, A. and {Meza}, A. and {Montero-Dorta}, A.~D. and 
	{Muna}, D. and {Myers}, A.~D. and {Nandra}, K. and {Naugle}, T. and 
	{Newman}, J.~A. and {Noterdaeme}, P. and {Nugent}, P. and {Ogando}, R. and 
	{Olmstead}, M.~D. and {Oravetz}, A. and {Oravetz}, D.~J. and 
	{Padmanabhan}, N. and {Palanque-Delabrouille}, N. and {Pan}, K. and 
	{Parejko}, J.~K. and {P{\^a}ris}, I. and {Peacock}, J.~A. and 
	{Petitjean}, P. and {Pieri}, M.~M. and {Pisani}, A. and {Prada}, F. and 
	{Prakash}, A. and {Raichoor}, A. and {Reid}, B. and {Rich}, J. and 
	{Ridl}, J. and {Rodriguez-Torres}, S. and {Carnero Rosell}, A. and 
	{Ross}, A.~J. and {Rossi}, G. and {Ruan}, J. and {Salvato}, M. and 
	{Sayres}, C. and {Schneider}, D.~P. and {Schlegel}, D.~J. and 
	{Seljak}, U. and {Seo}, H.-J. and {Sesar}, B. and {Shandera}, S. and 
	{Shu}, Y. and {Slosar}, A. and {Sobreira}, F. and {Streblyanska}, A. and 
	{Suzuki}, N. and {Taylor}, D. and {Tao}, C. and {Tinker}, J.~L. and 
	{Tojeiro}, R. and {Vargas-Maga{\~n}a}, M. and {Wang}, Y. and 
	{Weaver}, B.~A. and {Weinberg}, D.~H. and {White}, M. and {Wood-Vasey}, W.~M. and 
	{Yeche}, C. and {Zhai}, Z. and {Zhao}, C. and {Zhao}, G.-b. and 
	{Zheng}, Z. and {Ben Zhu}, G. and {Zou}, H.},
    title = "{The SDSS-IV Extended Baryon Oscillation Spectroscopic Survey: Overview and Early Data}",
  journal = {\aj},
archivePrefix = "arXiv",
   eprint = {1508.04473},
 keywords = {cosmology: observations, surveys},
     year = 2016,
    month = feb,
   volume = 151,
      eid = {44},
    pages = {44},
      doi = {10.3847/0004-6256/151/2/44},
   adsurl = {http://adsabs.harvard.edu/abs/2016AJ....151...44D},
  adsnote = {Provided by the SAO/NASA Astrophysics Data System}
}

@article{desi,
   author = {{Levi}, M. and {Bebek}, C. and {Beers}, T. and {Blum}, R. and 
	{Cahn}, R. and {Eisenstein}, D. and {Flaugher}, B. and {Honscheid}, K. and 
	{Kron}, R. and {Lahav}, O. and {McDonald}, P. and {Roe}, N. and 
	{Schlegel}, D. and {representing the DESI collaboration}},
    title = "{The DESI Experiment, a whitepaper for Snowmass 2013}",
  journal = {ArXiv e-prints},
archivePrefix = "arXiv",
   eprint = {1308.0847},
 primaryClass = "astro-ph.CO",
 keywords = {Astrophysics - Cosmology and Extragalactic Astrophysics, Astrophysics - Instrumentation and Methods for Astrophysics},
     year = 2013,
    month = aug,
   adsurl = {http://adsabs.harvard.edu/abs/2013arXiv1308.0847L},
  adsnote = {Provided by the SAO/NASA Astrophysics Data System}
}

@article{zfail,
   author = {{Bolton}, A.~S. and {Schlegel}, D.~J. and {Aubourg}, {\'E}. and 
	{Bailey}, S. and {Bhardwaj}, V. and {Brownstein}, J.~R. and 
	{Burles}, S. and {Chen}, Y.-M. and {Dawson}, K. and {Eisenstein}, D.~J. and 
	{Gunn}, J.~E. and {Knapp}, G.~R. and {Loomis}, C.~P. and {Lupton}, R.~H. and 
	{Maraston}, C. and {Muna}, D. and {Myers}, A.~D. and {Olmstead}, M.~D. and 
	{Padmanabhan}, N. and {P{\^a}ris}, I. and {Percival}, W.~J. and 
	{Petitjean}, P. and {Rockosi}, C.~M. and {Ross}, N.~P. and {Schneider}, D.~P. and 
	{Shu}, Y. and {Strauss}, M.~A. and {Thomas}, D. and {Tremonti}, C.~A. and 
	{Wake}, D.~A. and {Weaver}, B.~A. and {Wood-Vasey}, W.~M.},
    title = "{Spectral Classification and Redshift Measurement for the SDSS-III Baryon Oscillation Spectroscopic Survey}",
  journal = {\aj},
archivePrefix = "arXiv",
   eprint = {1207.7326},
 keywords = {methods: data analysis, surveys, techniques: spectroscopic},
     year = 2012,
    month = nov,
   volume = 144,
      eid = {144},
    pages = {144},
      doi = {10.1088/0004-6256/144/5/144},
   adsurl = {http://adsabs.harvard.edu/abs/2012AJ....144..144B},
  adsnote = {Provided by the SAO/NASA Astrophysics Data System}
}



@article{coyote1,
   author = {{Heitmann}, K. and {White}, M. and {Wagner}, C. and {Habib}, S. and 
	{Higdon}, D.},
    title = "{The Coyote Universe. I. Precision Determination of the Nonlinear Matter Power Spectrum}",
  journal = {\apj},
archivePrefix = "arXiv",
   eprint = {0812.1052},
 keywords = {large-scale structure of universe, methods: numerical},
     year = 2010,
    month = may,
   volume = 715,
    pages = {104-121},
      doi = {10.1088/0004-637X/715/1/104},
   adsurl = {http://adsabs.harvard.edu/abs/2010ApJ...715..104H},
  adsnote = {Provided by the SAO/NASA Astrophysics Data System}
}

@article{coyote2,
   author = {{Heitmann}, K. and {Higdon}, D. and {White}, M. and {Habib}, S. and 
	{Williams}, B.~J. and {Lawrence}, E. and {Wagner}, C.},
    title = "{The Coyote Universe. II. Cosmological Models and Precision Emulation of the Nonlinear Matter Power Spectrum}",
  journal = {\apj},
archivePrefix = "arXiv",
   eprint = {0902.0429},
 primaryClass = "astro-ph.CO",
 keywords = {large-scale structure of universe, methods: statistical},
     year = 2009,
    month = nov,
   volume = 705,
    pages = {156-174},
      doi = {10.1088/0004-637X/705/1/156},
   adsurl = {http://adsabs.harvard.edu/abs/2009ApJ...705..156H},
  adsnote = {Provided by the SAO/NASA Astrophysics Data System}
}

@article{coyote3,
   author = {{Lawrence}, E. and {Heitmann}, K. and {White}, M. and {Higdon}, D. and 
	{Wagner}, C. and {Habib}, S. and {Williams}, B.},
    title = "{The Coyote Universe. III. Simulation Suite and Precision Emulator for the Nonlinear Matter Power Spectrum}",
  journal = {\apj},
archivePrefix = "arXiv",
   eprint = {0912.4490},
 primaryClass = "astro-ph.CO",
 keywords = {large-scale structure of universe, methods: numerical, methods: statistical},
     year = 2010,
    month = apr,
   volume = 713,
    pages = {1322-1331},
      doi = {10.1088/0004-637X/713/2/1322},
   adsurl = {http://adsabs.harvard.edu/abs/2010ApJ...713.1322L},
  adsnote = {Provided by the SAO/NASA Astrophysics Data System}
}



@article{devpois,
   author = {{Ata}, M. and {Kitaura}, F.-S. and {M{\"u}ller}, V.},
    title = "{Bayesian inference of cosmic density fields from non-linear, scale-dependent, and stochastic biased tracers}",
  journal = {\mnras},
archivePrefix = "arXiv",
   eprint = {1408.2566},
 keywords = {catalogues, galaxies: statistics, cosmology: theory, large-scale structure of Universe},
     year = 2015,
    month = feb,
   volume = 446,
    pages = {4250-4259},
      doi = {10.1093/mnras/stu2347},
   adsurl = {http://adsabs.harvard.edu/abs/2015MNRAS.446.4250A},
  adsnote = {Provided by the SAO/NASA Astrophysics Data System}
}


@article{press74,
   author = {{Press}, W.~H. and {Schechter}, P.},
    title = "{Formation of Galaxies and Clusters of Galaxies by Self-Similar Gravitational Condensation}",
  journal = {\apj},
     year = 1974,
    month = feb,
   volume = 187,
    pages = {425-438},
      doi = {10.1086/152650},
   adsurl = {http://adsabs.harvard.edu/abs/1974ApJ...187..425P},
  adsnote = {Provided by the SAO/NASA Astrophysics Data System}
}

@article{bond91,
   author = {{Bond}, J.~R. and {Cole}, S. and {Efstathiou}, G. and {Kaiser}, N.
	},
    title = "{Excursion set mass functions for hierarchical Gaussian fluctuations}",
  journal = {\apj},
 keywords = {Computational Astrophysics, Gauss Equation, Dark Matter, Density Distribution, Many Body Problem, Mass Distribution, Monte Carlo Method},
     year = 1991,
    month = oct,
   volume = 379,
    pages = {440-460},
      doi = {10.1086/170520},
   adsurl = {http://adsabs.harvard.edu/abs/1991ApJ...379..440B},
  adsnote = {Provided by the SAO/NASA Astrophysics Data System}
}

@article{cacciato13,
   author = {{Cacciato}, M. and {van den Bosch}, F.~C. and {More}, S. and 
	{Mo}, H. and {Yang}, X.},
    title = "{Cosmological constraints from a combination of galaxy clustering and lensing - III. Application to SDSS data}",
  journal = {\mnras},
archivePrefix = "arXiv",
   eprint = {1207.0503},
 keywords = {gravitational lensing: weak, methods: statistical, galaxies: haloes, cosmological parameters, dark matter, large-scale structure of Universe},
     year = 2013,
    month = apr,
   volume = 430,
    pages = {767-786},
      doi = {10.1093/mnras/sts525},
   adsurl = {http://adsabs.harvard.edu/abs/2013MNRAS.430..767C},
  adsnote = {Provided by the SAO/NASA Astrophysics Data System}
}

@article{tinker05,
   author = {{Tinker}, J.~L. and {Weinberg}, D.~H. and {Zheng}, Z. and {Zehavi}, I.
	},
    title = "{On the Mass-to-Light Ratio of Large-Scale Structure}",
  journal = {\apj},
   eprint = {astro-ph/0411777},
 keywords = {Cosmology: Observations, Cosmology: Theory, Galaxies: Clusters: General, Cosmology: Large-Scale Structure of Universe},
     year = 2005,
    month = sep,
   volume = 631,
    pages = {41-58},
      doi = {10.1086/432084},
   adsurl = {http://adsabs.harvard.edu/abs/2005ApJ...631...41T},
  adsnote = {Provided by the SAO/NASA Astrophysics Data System}
}

@article{vdb03,
   author = {{van den Bosch}, F.~C. and {Mo}, H.~J. and {Yang}, X.},
    title = "{Towards cosmological concordance on galactic scales}",
  journal = {\mnras},
   eprint = {astro-ph/0301104},
 keywords = {galaxies: formation, galaxies: haloes, cosmological parameters, cosmology: theory, dark matter, large-scale structure of Universe},
     year = 2003,
    month = nov,
   volume = 345,
    pages = {923-938},
      doi = {10.1046/j.1365-8711.2003.07012.x},
   adsurl = {http://adsabs.harvard.edu/abs/2003MNRAS.345..923V},
  adsnote = {Provided by the SAO/NASA Astrophysics Data System}
}

@article{more13,
   author = {{More}, S. and {van den Bosch}, F.~C. and {Cacciato}, M. and 
	{More}, A. and {Mo}, H. and {Yang}, X.},
    title = "{Cosmological constraints from a combination of galaxy clustering and lensing - II. Fisher matrix analysis}",
  journal = {\mnras},
archivePrefix = "arXiv",
   eprint = {1207.0004},
 keywords = {methods: statistical, galaxies: haloes, galaxies: structure, cosmological parameters, dark energy, dark matter},
     year = 2013,
    month = apr,
   volume = 430,
    pages = {747-766},
      doi = {10.1093/mnras/sts697},
   adsurl = {http://adsabs.harvard.edu/abs/2013MNRAS.430..747M},
  adsnote = {Provided by the SAO/NASA Astrophysics Data System}
}


@article{miyatake15,
   author = {{Miyatake}, H. and {More}, S. and {Mandelbaum}, R. and {Takada}, M. and 
	{Spergel}, D.~N. and {Kneib}, J.-P. and {Schneider}, D.~P. and 
	{Brinkmann}, J. and {Brownstein}, J.~R.},
    title = "{The Weak Lensing Signal and the Clustering of BOSS Galaxies. I. Measurements}",
  journal = {\apj},
archivePrefix = "arXiv",
   eprint = {1311.1480},
 keywords = {cosmology: observations, galaxies: halos, gravitational lensing: weak, large-scale structure of universe},
     year = 2015,
    month = jun,
   volume = 806,
      eid = {1},
    pages = {1},
      doi = {10.1088/0004-637X/806/1/1},
   adsurl = {http://adsabs.harvard.edu/abs/2015ApJ...806....1M},
  adsnote = {Provided by the SAO/NASA Astrophysics Data System}
}

@article{vdBosch13,
   author = {{van den Bosch}, F.~C. and {More}, S. and {Cacciato}, M. and 
	{Mo}, H. and {Yang}, X.},
    title = "{Cosmological constraints from a combination of galaxy clustering and lensing - I. Theoretical framework}",
  journal = {\mnras},
archivePrefix = "arXiv",
   eprint = {1206.6890},
 keywords = {methods: statistical, galaxies: haloes, cosmological parameters, dark matter, large-scale structure of Universe},
     year = 2013,
    month = apr,
   volume = 430,
    pages = {725-746},
      doi = {10.1093/mnras/sts006},
   adsurl = {http://adsabs.harvard.edu/abs/2013MNRAS.430..725V},
  adsnote = {Provided by the SAO/NASA Astrophysics Data System}
}



@article{nfw_c(M),
   author = {{Dutton}, A.~A. and {Macci{\`o}}, A.~V.},
    title = "{Cold dark matter haloes in the Planck era: evolution of structural parameters for Einasto and NFW profiles}",
  journal = {\mnras},
archivePrefix = "arXiv",
   eprint = {1402.7073},
 keywords = {methods: numerical, galaxies: haloes, cosmology: theory, dark matter},
     year = 2014,
    month = jul,
   volume = 441,
    pages = {3359-3374},
      doi = {10.1093/mnras/stu742},
   adsurl = {http://adsabs.harvard.edu/abs/2014MNRAS.441.3359D},
  adsnote = {Provided by the SAO/NASA Astrophysics Data System}
}


@article{more2010,
   author = {{More}, S. and {van den Bosch}, F.~C. and {Cacciato}, M.},
    title = "{Satellite kinematics - I. A new method to constrain the halo mass-luminosity relation of central galaxies}",
  journal = {\mnras},
archivePrefix = "arXiv",
   eprint = {0807.4529},
 keywords = {methods: statistical , galaxies: fundamental parameters , galaxies: haloes , galaxies: kinematics and dynamics , galaxies: structure},
     year = 2009,
    month = jan,
   volume = 392,
    pages = {917-924},
      doi = {10.1111/j.1365-2966.2008.14114.x},
   adsurl = {http://adsabs.harvard.edu/abs/2009MNRAS.392..917M},
  adsnote = {Provided by the SAO/NASA Astrophysics Data System}
}





@article{conroy09,
   author = {{Conroy}, C. and {Wechsler}, R.~H.},
    title = "{Connecting Galaxies, Halos, and Star Formation Rates Across Cosmic Time}",
  journal = {\apj},
archivePrefix = "arXiv",
   eprint = {0805.3346},
 keywords = {cosmology: theory, dark matter, galaxies: formation, galaxies: halos, large-scale structure of universe},
     year = 2009,
    month = may,
   volume = 696,
    pages = {620-635},
      doi = {10.1088/0004-637X/696/1/620},
   adsurl = {http://adsabs.harvard.edu/abs/2009ApJ...696..620C},
  adsnote = {Provided by the SAO/NASA Astrophysics Data System}
}

@article{leauthaud12,
   author = {{Leauthaud}, A. and {Tinker}, J. and {Bundy}, K. and {Behroozi}, P.~S. and 
	{Massey}, R. and {Rhodes}, J. and {George}, M.~R. and {Kneib}, J.-P. and 
	{Benson}, A. and {Wechsler}, R.~H. and {Busha}, M.~T. and {Capak}, P. and 
	{Cort{\^e}s}, M. and {Ilbert}, O. and {Koekemoer}, A.~M. and 
	{Le F{\`e}vre}, O. and {Lilly}, S. and {McCracken}, H.~J. and 
	{Salvato}, M. and {Schrabback}, T. and {Scoville}, N. and {Smith}, T. and 
	{Taylor}, J.~E.},
    title = "{New Constraints on the Evolution of the Stellar-to-dark Matter Connection: A Combined Analysis of Galaxy-Galaxy Lensing, Clustering, and Stellar Mass Functions from z = 0.2 to z =1}",
  journal = {\apj},
archivePrefix = "arXiv",
   eprint = {1104.0928},
 keywords = {dark matter, galaxies: evolution, galaxies: formation, galaxies: luminosity function, mass function, galaxies: stellar content, gravitational lensing: weak},
     year = 2012,
    month = jan,
   volume = 744,
      eid = {159},
    pages = {159},
      doi = {10.1088/0004-637X/744/2/159},
   adsurl = {http://adsabs.harvard.edu/abs/2012ApJ...744..159L},
  adsnote = {Provided by the SAO/NASA Astrophysics Data System}
}

@article{behroozi13,
   author = {{Behroozi}, P.~S. and {Wechsler}, R.~H. and {Conroy}, C.},
    title = "{The Average Star Formation Histories of Galaxies in Dark Matter Halos from z = 0-8}",
  journal = {\apj},
archivePrefix = "arXiv",
   eprint = {1207.6105},
 primaryClass = "astro-ph.CO",
 keywords = {dark matter, galaxies: abundances, galaxies: evolution, methods: numerical},
     year = 2013,
    month = jun,
   volume = 770,
      eid = {57},
    pages = {57},
      doi = {10.1088/0004-637X/770/1/57},
   adsurl = {http://adsabs.harvard.edu/abs/2013ApJ...770...57B},
  adsnote = {Provided by the SAO/NASA Astrophysics Data System}
}



@article{rockstar,
   author = {{Behroozi}, P.~S. and {Wechsler}, R.~H. and {Wu}, H.-Y.},
    title = "{The ROCKSTAR Phase-space Temporal Halo Finder and the Velocity Offsets of Cluster Cores}",
  journal = {\apj},
archivePrefix = "arXiv",
   eprint = {1110.4372},
 primaryClass = "astro-ph.CO",
 keywords = {dark matter, methods: numerical},
     year = 2013,
    month = jan,
   volume = 762,
      eid = {109},
    pages = {109},
      doi = {10.1088/0004-637X/762/2/109},
   adsurl = {http://adsabs.harvard.edu/abs/2013ApJ...762..109B},
  adsnote = {Provided by the SAO/NASA Astrophysics Data System}
}

@article{bdm,
   author = {{Klypin}, A. and {Holtzman}, J.},
    title = "{Particle-Mesh code for cosmological simulations}",
  journal = {ArXiv Astrophysics e-prints},
   eprint = {astro-ph/9712217},
 keywords = {Astrophysics},
     year = 1997,
    month = dec,
   adsurl = {http://adsabs.harvard.edu/abs/1997astro.ph.12217K},
  adsnote = {Provided by the SAO/NASA Astrophysics Data System}
}

@article{fofexample,
   author = {{Knebe}, A. and {Knollmann}, S.~R. and {Muldrew}, S.~I. and 
	{Pearce}, F.~R. and {Aragon-Calvo}, M.~A. and {Ascasibar}, Y. and 
	{Behroozi}, P.~S. and {Ceverino}, D. and {Colombi}, S. and {Diemand}, J. and 
	{Dolag}, K. and {Falck}, B.~L. and {Fasel}, P. and {Gardner}, J. and 
	{Gottl{\"o}ber}, S. and {Hsu}, C.-H. and {Iannuzzi}, F. and 
	{Klypin}, A. and {Luki{\'c}}, Z. and {Maciejewski}, M. and {McBride}, C. and 
	{Neyrinck}, M.~C. and {Planelles}, S. and {Potter}, D. and {Quilis}, V. and 
	{Rasera}, Y. and {Read}, J.~I. and {Ricker}, P.~M. and {Roy}, F. and 
	{Springel}, V. and {Stadel}, J. and {Stinson}, G. and {Sutter}, P.~M. and 
	{Turchaninov}, V. and {Tweed}, D. and {Yepes}, G. and {Zemp}, M.
	},
    title = "{Haloes gone MAD: The Halo-Finder Comparison Project}",
  journal = {\mnras},
archivePrefix = "arXiv",
   eprint = {1104.0949},
 keywords = {methods: numerical, galaxies: evolution, galaxies: haloes, cosmology: miscellaneous, cosmology: theory, dark matter},
     year = 2011,
    month = aug,
   volume = 415,
    pages = {2293-2318},
      doi = {10.1111/j.1365-2966.2011.18858.x},
   adsurl = {http://adsabs.harvard.edu/abs/2011MNRAS.415.2293K},
  adsnote = {Provided by the SAO/NASA Astrophysics Data System}
}

@article{art,
   author = {{Kravtsov}, A.~V. and {Klypin}, A.~A. and {Khokhlov}, A.~M.},
    title = "{Adaptive Refinement Tree: A New High-Resolution N-Body Code for Cosmological Simulations}",
  journal = {\apjs},
   eprint = {astro-ph/9701195},
 keywords = {METHODS: NUMERICAL, COSMOLOGY: THEORY, COSMOLOGY: DARK MATTER, Methods: Numerical, Cosmology: Theory, Cosmology: Dark Matter},
     year = 1997,
    month = jul,
   volume = 111,
    pages = {73-94},
      doi = {10.1086/313015},
   adsurl = {http://adsabs.harvard.edu/abs/1997ApJS..111...73K},
  adsnote = {Provided by the SAO/NASA Astrophysics Data System}
}

@article{pm1,
   author = {{Carlson}, J. and {White}, M. and {Padmanabhan}, N.},
    title = "{Critical look at cosmological perturbation theory techniques}",
  journal = {\prd},
archivePrefix = "arXiv",
   eprint = {0905.0479},
 primaryClass = "astro-ph.CO",
 keywords = {Cosmology, Dark matter},
     year = 2009,
    month = aug,
   volume = 80,
   number = 4,
      eid = {043531},
    pages = {043531},
      doi = {10.1103/PhysRevD.80.043531},
   adsurl = {http://adsabs.harvard.edu/abs/2009PhRvD..80d3531C},
  adsnote = {Provided by the SAO/NASA Astrophysics Data System}
}


@article{pm2,
   author = {{White}, M. and {Tinker}, J.~L. and {McBride}, C.~K.},
    title = "{Mock galaxy catalogues using the quick particle mesh method}",
  journal = {\mnras},
archivePrefix = "arXiv",
   eprint = {1309.5532},
 keywords = {galaxies: haloes, galaxies: statistics, cosmological parameters, large-scale structure of Universe},
     year = 2014,
    month = jan,
   volume = 437,
    pages = {2594-2606},
      doi = {10.1093/mnras/stt2071},
   adsurl = {http://adsabs.harvard.edu/abs/2014MNRAS.437.2594W},
  adsnote = {Provided by the SAO/NASA Astrophysics Data System}
}

@article{cola,
   author = {{Tassev}, S. and {Zaldarriaga}, M. and {Eisenstein}, D.~J.},
    title = "{Solving large scale structure in ten easy steps with COLA}",
  journal = {\jcap},
archivePrefix = "arXiv",
   eprint = {1301.0322},
 primaryClass = "astro-ph.CO",
     year = 2013,
    month = jun,
   volume = 6,
      eid = {036},
    pages = {036},
      doi = {10.1088/1475-7516/2013/06/036},
   adsurl = {http://adsabs.harvard.edu/abs/2013JCAP...06..036T},
  adsnote = {Provided by the SAO/NASA Astrophysics Data System}
}



@article{fastpm,
   author = {{Feng}, Y. and {Chu}, M.-Y. and {Seljak}, U.},
    title = "{FastPM: a new scheme for fast simulations of dark matter and halos}",
  journal = {ArXiv e-prints},
archivePrefix = "arXiv",
   eprint = {1603.00476},
 keywords = {Astrophysics - Cosmology and Nongalactic Astrophysics},
     year = 2016,
    month = mar,
   adsurl = {http://adsabs.harvard.edu/abs/2016arXiv160300476F},
  adsnote = {Provided by the SAO/NASA Astrophysics Data System}
}




@article{bolshoi,
   author = {{Klypin}, A.~A. and {Trujillo-Gomez}, S. and {Primack}, J.},
    title = "{Dark Matter Halos in the Standard Cosmological Model: Results from the Bolshoi Simulation}",
  journal = {\apj},
archivePrefix = "arXiv",
   eprint = {1002.3660},
 keywords = {cosmology: theory, large-scale structure of universe, methods: numerical},
     year = 2011,
    month = oct,
   volume = 740,
      eid = {102},
    pages = {102},
      doi = {10.1088/0004-637X/740/2/102},
   adsurl = {http://adsabs.harvard.edu/abs/2011ApJ...740..102K},
  adsnote = {Provided by the SAO/NASA Astrophysics Data System}
}

@article{multidark,
   author = {{Riebe}, K. and {Partl}, A.~M. and {Enke}, H. and {Forero-Romero}, J. and 
	{Gottloeber}, S. and {Klypin}, A. and {Lemson}, G. and {Prada}, F. and 
	{Primack}, J.~R. and {Steinmetz}, M. and {Turchaninov}, V.},
    title = "{The MultiDark Database: Release of the Bolshoi and MultiDark Cosmological Simulations}",
  journal = {ArXiv e-prints},
archivePrefix = "arXiv",
   eprint = {1109.0003},
 primaryClass = "astro-ph.CO",
 keywords = {Astrophysics - Cosmology and Extragalactic Astrophysics, Astrophysics - Instrumentation and Methods for Astrophysics, Computer Science - Databases},
     year = 2011,
    month = aug,
   adsurl = {http://adsabs.harvard.edu/abs/2011arXiv1109.0003R},
  adsnote = {Provided by the SAO/NASA Astrophysics Data System}
}



@article{zheng07,
   author = {{Zheng}, Z. and {Coil}, A.~L. and {Zehavi}, I.},
    title = "{Galaxy Evolution from Halo Occupation Distribution Modeling of DEEP2 and SDSS Galaxy Clustering}",
  journal = {\apj},
   eprint = {astro-ph/0703457},
 keywords = {Cosmology: Observations, Galaxies: Distances and Redshifts, Galaxies: Evolution, Galaxies: Halos, Galaxies: Statistics, Cosmology: Large-Scale Structure of Universe},
     year = 2007,
    month = oct,
   volume = 667,
    pages = {760-779},
      doi = {10.1086/521074},
   adsurl = {http://adsabs.harvard.edu/abs/2007ApJ...667..760Z},
  adsnote = {Provided by the SAO/NASA Astrophysics Data System}
}


@article{leauthaud11,
   author = {{Leauthaud}, A. and {Tinker}, J. and {Behroozi}, P.~S. and {Busha}, M.~T. and 
	{Wechsler}, R.~H.},
    title = "{A Theoretical Framework for Combining Techniques that Probe the Link Between Galaxies and Dark Matter}",
  journal = {\apj},
archivePrefix = "arXiv",
   eprint = {1103.2077},
 keywords = {cosmology: observations, dark matter, gravitational lensing: weak},
     year = 2011,
    month = sep,
   volume = 738,
      eid = {45},
    pages = {45},
      doi = {10.1088/0004-637X/738/1/45},
   adsurl = {http://adsabs.harvard.edu/abs/2011ApJ...738...45L},
  adsnote = {Provided by the SAO/NASA Astrophysics Data System}
}
@ARTICLE{hearin15,
   author = {{Hearin}, A.~P. and {Zentner}, A.~R. and {van den Bosch}, F.~C. and 
	{Campbell}, D. and {Tollerud}, E.},
    title = "{Introducing Decorated HODs: modeling assembly bias in the galaxy-halo connection}",
  journal = {\mnras},
archivePrefix = "arXiv",
   eprint = {1512.03050},
 keywords = {cosmology: theory, dark matter, galaxies: halos, galaxies: evolution, galaxies: clustering, large-scale structure of universe},
     year = 2016,
    month = may,
      doi = {10.1093/mnras/stw840},
   adsurl = {http://adsabs.harvard.edu/abs/2016MNRAS.tmp..820H},
  adsnote = {Provided by the SAO/NASA Astrophysics Data System}
}

@ARTICLE{Hearin:2016aa,
   author = {{Hearin}, A. and {Campbell}, D. and {Tollerud}, E. and {Behroozi}, P. and 
	{Diemer}, B. and {Goldbaum}, N.~J. and {Jennings}, E. and {Leauthaud}, A. and 
	{Mao}, Y.-Y. and {More}, S. and {Parejko}, J. and {Sinha}, M. and 
	{Sipocz}, B. and {Zentner}, A.},
    title = "{High-Precision Forward Modeling of Large-Scale Structure: An open-source approach with Halotools}",
  journal = {ArXiv e-prints},
archivePrefix = "arXiv",
   eprint = {1606.04106},
 primaryClass = "astro-ph.IM",
 keywords = {Astrophysics - Instrumentation and Methods for Astrophysics, Astrophysics - Cosmology and Nongalactic Astrophysics, Astrophysics - Astrophysics of Galaxies},
     year = 2016,
    month = jun,
   adsurl = {http://adsabs.harvard.edu/abs/2016arXiv160604106H},
  adsnote = {Provided by the SAO/NASA Astrophysics Data System}
}


@article{landy-szalay,
   author = {{Landy}, S.~D. and {Szalay}, A.~S.},
    title = "{Bias and variance of angular correlation functions}",
  journal = {\apj},
 keywords = {Angular Correlation, Bias, Computational Astrophysics, Galactic Clusters, Variance, Correlation Coefficients, Monte Carlo Method, Random Variables},
     year = 1993,
    month = jul,
   volume = 412,
    pages = {64-71},
      doi = {10.1086/172900},
   adsurl = {http://adsabs.harvard.edu/abs/1993ApJ...412...64L},
  adsnote = {Provided by the SAO/NASA Astrophysics Data System}
}


@article{abcwl,
   author = {{Lin}, C.-A. and {Kilbinger}, M.},
    title = "{A new model to predict weak-lensing peak counts. II. Parameter constraint strategies}",
  journal = {\aap},
archivePrefix = "arXiv",
   eprint = {1506.01076},
 keywords = {gravitational lensing: weak, large-scale structure of Universe, methods: statistical},
     year = 2015,
    month = nov,
   volume = 583,
      eid = {A70},
    pages = {A70},
      doi = {10.1051/0004-6361/201526659},
   adsurl = {http://adsabs.harvard.edu/abs/2015A%26A...583A..70L},
  adsnote = {Provided by the SAO/NASA Astrophysics Data System}
}

@article{abcwl2,
   author = {{Lin}, C.-A. and {Kilbinger}, M. and {Pires}, S.},
    title = "{A new model to predict weak-lensing peak counts III. Filtering technique comparisons}",
  journal = {ArXiv e-prints},
archivePrefix = "arXiv",
   eprint = {1603.06773},
 keywords = {Astrophysics - Cosmology and Nongalactic Astrophysics},
     year = 2016,
    month = mar,
   adsurl = {http://adsabs.harvard.edu/abs/2016arXiv160306773L},
  adsnote = {Provided by the SAO/NASA Astrophysics Data System}
}


@article{abcsn,
   author = {{Weyant}, A. and {Schafer}, C. and {Wood-Vasey}, W.~M.},
    title = "{Likelihood-free Cosmological Inference with Type Ia Supernovae: Approximate Bayesian Computation for a Complete Treatment of Uncertainty}",
  journal = {\apj},
archivePrefix = "arXiv",
   eprint = {1206.2563},
 keywords = {cosmological parameters, methods: statistical },
     year = 2013,
    month = feb,
   volume = 764,
      eid = {116},
    pages = {116},
      doi = {10.1088/0004-637X/764/2/116},
   adsurl = {http://adsabs.harvard.edu/abs/2013ApJ...764..116W},
  adsnote = {Provided by the SAO/NASA Astrophysics Data System}
}

@article{abccosmology,
   author = {{Akeret}, J. and {Refregier}, A. and {Amara}, A. and {Seehars}, S. and 
	{Hasner}, C.},
    title = "{Approximate Bayesian computation for forward modeling in cosmology}",
  journal = {\jcap},
archivePrefix = "arXiv",
   eprint = {1504.07245},
     year = 2015,
    month = aug,
   volume = 8,
      eid = {043},
    pages = {043},
      doi = {10.1088/1475-7516/2015/08/043},
   adsurl = {http://adsabs.harvard.edu/abs/2015JCAP...08..043A},
  adsnote = {Provided by the SAO/NASA Astrophysics Data System}
}

@article{cosmoabc,
   author = {{Ishida}, E.~E.~O. and {Vitenti}, S.~D.~P. and {Penna-Lima}, M. and 
	{Cisewski}, J. and {de Souza}, R.~S. and {Trindade}, A.~M.~M. and 
	{Cameron}, E. and {Busti}, V.~C.},
    title = "{COSMOABC: Likelihood-free inference via Population Monte Carlo Approximate Bayesian Computation}",
  journal = {Astronomy and Computing},
archivePrefix = "arXiv",
   eprint = {1504.06129},
 keywords = {Galaxies: statistics, (cosmology:) large-scale structure of universe},
     year = 2015,
    month = nov,
   volume = 13,
    pages = {1-11},
      doi = {10.1016/j.ascom.2015.09.001},
   adsurl = {http://adsabs.harvard.edu/abs/2015A%26C....13....1I},
  adsnote = {Provided by the SAO/NASA Astrophysics Data System}
}

@article{abcmorphology,
   author = {{Cameron}, E. and {Pettitt}, A.~N.},
    title = "{Approximate Bayesian Computation for astronomical model analysis: a case study in galaxy demographics and morphological transformation at high redshift}",
  journal = {\mnras},
archivePrefix = "arXiv",
   eprint = {1202.1426},
 primaryClass = "astro-ph.IM",
 keywords = {methods: statistical, galaxies: evolution, galaxies: formation },
     year = 2012,
    month = sep,
   volume = 425,
    pages = {44-65},
      doi = {10.1111/j.1365-2966.2012.21371.x},
   adsurl = {http://adsabs.harvard.edu/abs/2012MNRAS.425...44C},
  adsnote = {Provided by the SAO/NASA Astrophysics Data System}
}






@article{groups,
   author = {{Berlind}, A.~A. and {Frieman}, J. and {Weinberg}, D.~H. and 
	{Blanton}, M.~R. and {Warren}, M.~S. and {Abazajian}, K. and 
	{Scranton}, R. and {Hogg}, D.~W. and {Scoccimarro}, R. and {Bahcall}, N.~A. and 
	{Brinkmann}, J. and {Gott}, III, J.~R. and {Kleinman}, S.~J. and 
	{Krzesinski}, J. and {Lee}, B.~C. and {Miller}, C.~J. and {Nitta}, A. and 
	{Schneider}, D.~P. and {Tucker}, D.~L. and {Zehavi}, I. and 
	{SDSS Collaboration}},
    title = "{Percolation Galaxy Groups and Clusters in the SDSS Redshift Survey: Identification, Catalogs, and the Multiplicity Function}",
  journal = {\apjs},
   eprint = {astro-ph/0601346},
 keywords = {Galaxies: Clusters: General, Cosmology: Large-Scale Structure of Universe},
     year = 2006,
    month = nov,
   volume = 167,
    pages = {1-25},
      doi = {10.1086/508170},
   adsurl = {http://adsabs.harvard.edu/abs/2006ApJS..167....1B},
  adsnote = {Provided by the SAO/NASA Astrophysics Data System}
}

@article{fof,
   author = {{Davis}, M. and {Efstathiou}, G. and {Frenk}, C.~S. and {White}, S.~D.~M.
	},
    title = "{The evolution of large-scale structure in a universe dominated by cold dark matter}",
  journal = {\apj},
 keywords = {Computational Astrophysics, Cosmology, Galactic Clusters, Galactic Evolution, Missing Mass (Astrophysics), Weak Interactions (Field Theory), Astronomical Models, Computerized Simulation, Correlation, Many Body Problem, Mass Distribution, Mass To Light Ratios, Matter (Physics), Radial Velocity, Red Shift},
     year = 1985,
    month = may,
   volume = 292,
    pages = {371-394},
      doi = {10.1086/163168},
   adsurl = {http://adsabs.harvard.edu/abs/1985ApJ...292..371D},
  adsnote = {Provided by the SAO/NASA Astrophysics Data System}
}



@BOOK{peebles80,
   author = {{Peebles}, P.~J.~E.},
    title = "{The large-scale structure of the universe}",
 keywords = {Cosmology, Galactic Clusters, Galactic Evolution, Universe, Astronomical Models, Correlation, Mass Distribution, Particle Motion, Relativistic Theory, Statistical Distributions},
booktitle = {Research supported by the National Science Foundation.~Princeton, N.J., Princeton University Press, 1980.~435 p.},
     year = 1980,
   adsurl = {http://adsabs.harvard.edu/abs/1980lssu.book.....P},
  adsnote = {Provided by the SAO/NASA Astrophysics Data System}
}


@article{emcee,
   author = {{Foreman-Mackey}, D. and {Hogg}, D.~W. and {Lang}, D. and {Goodman}, J.
	},
    title = "{emcee: The MCMC Hammer}",
  journal = {\pasp},
archivePrefix = "arXiv",
   eprint = {1202.3665},
 primaryClass = "astro-ph.IM",
     year = 2013,
    month = mar,
   volume = 125,
    pages = {306-312},
      doi = {10.1086/670067},
   adsurl = {http://adsabs.harvard.edu/abs/2013PASP..125..306F},
  adsnote = {Provided by the SAO/NASA Astrophysics Data System}
}



@article{hartlap2007,
   author = {{Hartlap}, J. and {Simon}, P. and {Schneider}, P.},
    title = "{Why your model parameter confidences might be too optimistic. Unbiased estimation of the inverse covariance matrix}",
  journal = {\aap},
   eprint = {astro-ph/0608064},
 keywords = {methods: analytical, methods: data analysis, gravitational lensing},
     year = 2007,
    month = mar,
   volume = 464,
    pages = {399-404},
      doi = {10.1051/0004-6361:20066170},
   adsurl = {http://adsabs.harvard.edu/abs/2007A%26A...464..399H},
  adsnote = {Provided by the SAO/NASA Astrophysics Data System}
}




@article{planckI,
   author = {{Planck Collaboration} and {Ade}, P.~A.~R. and {Aghanim}, N. and 
	{Armitage-Caplan}, C. and {Arnaud}, M. and {Ashdown}, M. and 
	{Atrio-Barandela}, F. and {Aumont}, J. and {Baccigalupi}, C. and 
	{Banday}, A.~J. and et al.},
    title = "{Planck 2013 results. XVI. Cosmological parameters}",
  journal = {\aap},
archivePrefix = "arXiv",
   eprint = {1303.5076},
 keywords = {cosmic background radiation, cosmological parameters, early Universe, inflation, primordial nucleosynthesis},
     year = 2014,
    month = nov,
   volume = 571,
      eid = {A16},
    pages = {A16},
      doi = {10.1051/0004-6361/201321591},
   adsurl = {http://adsabs.harvard.edu/abs/2014A%26A...571A..16P},
  adsnote = {Provided by the SAO/NASA Astrophysics Data System}
}


@article{planckII,
   author = {{Planck Collaboration} and {Ade}, P.~A.~R. and {Aghanim}, N. and 
	{Arnaud}, M. and {Ashdown}, M. and {Aumont}, J. and {Baccigalupi}, C. and 
	{Banday}, A.~J. and {Barreiro}, R.~B. and {Bartlett}, J.~G. and et al.},
    title = "{Planck 2015 results. XIII. Cosmological parameters}",
  journal = {ArXiv e-prints},
archivePrefix = "arXiv",
   eprint = {1502.01589},
 keywords = {Astrophysics - Cosmology and Nongalactic Astrophysics},
     year = 2015,
    month = feb,
   adsurl = {http://adsabs.harvard.edu/abs/2015arXiv150201589P},
  adsnote = {Provided by the SAO/NASA Astrophysics Data System}
}


@article{seljak2000,
   author = {{Seljak}, U.},
    title = "{Analytic model for galaxy and dark matter clustering}",
  journal = {\mnras},
   eprint = {astro-ph/0001493},
 keywords = {GALAXIES: CLUSTERS: GENERAL, COSMOLOGY: THEORY, DARK MATTER},
     year = 2000,
    month = oct,
   volume = 318,
    pages = {203-213},
      doi = {10.1046/j.1365-8711.2000.03715.x},
   adsurl = {http://adsabs.harvard.edu/abs/2000MNRAS.318..203S},
  adsnote = {Provided by the SAO/NASA Astrophysics Data System}
}


@article{berlind_weinberg2002,
   author = {{Berlind}, A.~A. and {Weinberg}, D.~H.},
    title = "{The Halo Occupation Distribution: Toward an Empirical Determination of the Relation between Galaxies and Mass}",
  journal = {\apj},
   eprint = {astro-ph/0109001},
 keywords = {Cosmology: Theory, Galaxies: Formation, Cosmology: Large-Scale Structure of Universe, Methods: n-Body Simulations},
     year = 2002,
    month = aug,
   volume = 575,
    pages = {587-616},
      doi = {10.1086/341469},
   adsurl = {http://adsabs.harvard.edu/abs/2002ApJ...575..587B},
  adsnote = {Provided by the SAO/NASA Astrophysics Data System}
}

@article{scoccimarro2001,
   author = {{Scoccimarro}, R. and {Sheth}, R.~K. and {Hui}, L. and {Jain}, B.
	},
    title = "{How Many Galaxies Fit in a Halo? Constraints on Galaxy Formation Efficiency from Spatial Clustering}",
  journal = {\apj},
   eprint = {astro-ph/0006319},
 keywords = {Cosmology: Theory, Galaxies: Clusters: General, Cosmology: Large-Scale Structure of Universe},
     year = 2001,
    month = jan,
   volume = 546,
    pages = {20-34},
      doi = {10.1086/318261},
   adsurl = {http://adsabs.harvard.edu/abs/2001ApJ...546...20S},
  adsnote = {Provided by the SAO/NASA Astrophysics Data System}
}

@article{zheng2005,
   author = {{Zheng}, Z. and {Berlind}, A.~A. and {Weinberg}, D.~H. and {Benson}, A.~J. and 
	{Baugh}, C.~M. and {Cole}, S. and {Dav{\'e}}, R. and {Frenk}, C.~S. and 
	{Katz}, N. and {Lacey}, C.~G.},
    title = "{Theoretical Models of the Halo Occupation Distribution: Separating Central and Satellite Galaxies}",
  journal = {\apj},
   eprint = {astro-ph/0408564},
 keywords = {Cosmology: Theory, Galaxies: Formation, Galaxies: Halos, Cosmology: Large-Scale Structure of Universe},
     year = 2005,
    month = nov,
   volume = 633,
    pages = {791-809},
      doi = {10.1086/466510},
   adsurl = {http://adsabs.harvard.edu/abs/2005ApJ...633..791Z},
  adsnote = {Provided by the SAO/NASA Astrophysics Data System}
}


@misc{bishop,
  title={Pattern Recognition and Machine Learning (Information Science and Statistics), 1st edn. 2006. corr. 2nd printing edn},
  author={Bishop, C},
  year={2007},
  publisher={Springer, New York}
}



@article{cooray_sheth2002,
   author = {{Cooray}, A. and {Sheth}, R.},
    title = "{Halo models of large scale structure}",
  journal = {\physrep},
   eprint = {astro-ph/0206508},
     year = 2002,
    month = dec,
   volume = 372,
    pages = {1-129},
      doi = {10.1016/S0370-1573(02)00276-4},
   adsurl = {http://adsabs.harvard.edu/abs/2002PhR...372....1C},
  adsnote = {Provided by the SAO/NASA Astrophysics Data System}
}




@article{nifty,
   author = {{Chuang}, C.-H. and {Zhao}, C. and {Prada}, F. and {Munari}, E. and 
	{Avila}, S. and {Izard}, A. and {Kitaura}, F.-S. and {Manera}, M. and 
	{Monaco}, P. and {Murray}, S. and {Knebe}, A. and {Sc{\'o}ccola}, C.~G. and 
	{Yepes}, G. and {Garcia-Bellido}, J. and {Mar{\'{\i}}n}, F.~A. and 
	{M{\"u}ller}, V. and {Skibba}, R. and {Crocce}, M. and {Fosalba}, P. and 
	{Gottl{\"o}ber}, S. and {Klypin}, A.~A. and {Power}, C. and 
	{Tao}, C. and {Turchaninov}, V.},
    title = "{nIFTy cosmology: Galaxy/halo mock catalogue comparison project on clustering statistics}",
  journal = {\mnras},
archivePrefix = "arXiv",
   eprint = {1412.7729},
 keywords = {cosmology: observations, distance scale, large-scale structure of Universe},
     year = 2015,
    month = sep,
   volume = 452,
    pages = {686-700},
      doi = {10.1093/mnras/stv1289},
   adsurl = {http://adsabs.harvard.edu/abs/2015MNRAS.452..686C},
  adsnote = {Provided by the SAO/NASA Astrophysics Data System}
}

@article{cosmiccode,
   author = {{Heitmann}, K. and {Luki{\'c}}, Z. and {Fasel}, P. and {Habib}, S. and 
	{Warren}, M.~S. and {White}, M. and {Ahrens}, J. and {Ankeny}, L. and 
	{Armstrong}, R. and {O'Shea}, B. and {Ricker}, P.~M. and {Springel}, V. and 
	{Stadel}, J. and {Trac}, H.},
    title = "{The cosmic code comparison project}",
  journal = {Computational Science and Discovery},
archivePrefix = "arXiv",
   eprint = {0706.1270},
     year = 2008,
    month = oct,
   volume = 1,
   number = 1,
      eid = {015003},
    pages = {015003},
      doi = {10.1088/1749-4699/1/1/015003},
   adsurl = {http://adsabs.harvard.edu/abs/2008CS%26D....1a5003H},
  adsnote = {Provided by the SAO/NASA Astrophysics Data System}
}


@article{silk12,
   author = {{Silk}, D. and {Filippi}, S. and {Stumpf}, M.~P.~H.},
    title = "{Optimizing Threshold - Schedules for Approximate Bayesian Computation Sequential Monte Carlo Samplers: Applications to Molecular Systems}",
  journal = {ArXiv e-prints},
archivePrefix = "arXiv",
   eprint = {1210.3296},
 primaryClass = "stat.CO",
 keywords = {Statistics - Computation},
     year = 2012,
    month = oct,
   adsurl = {http://adsabs.harvard.edu/abs/2012arXiv1210.3296S},
  adsnote = {Provided by the SAO/NASA Astrophysics Data System}
}


@article{planck_inflation,
   author = {{Planck Collaboration} and {Ade}, P.~A.~R. and {Aghanim}, N. and 
	{Arnaud}, M. and {Arroja}, F. and {Ashdown}, M. and {Aumont}, J. and 
	{Baccigalupi}, C. and {Ballardini}, M. and {Banday}, A.~J. and et al.},
    title = "{Planck 2015 results. XX. Constraints on inflation}",
  journal = {ArXiv e-prints},
archivePrefix = "arXiv",
   eprint = {1502.02114},
 keywords = {Astrophysics - Cosmology and Nongalactic Astrophysics},
     year = 2015,
    month = feb,
   adsurl = {http://adsabs.harvard.edu/abs/2015arXiv150202114P},
  adsnote = {Provided by the SAO/NASA Astrophysics Data System}
}


@article{planck_NG,
   author = {{Planck Collaboration} and {Ade}, P.~A.~R. and {Aghanim}, N. and 
	{Arnaud}, M. and {Arroja}, F. and {Ashdown}, M. and {Aumont}, J. and 
	{Baccigalupi}, C. and {Ballardini}, M. and {Banday}, A.~J. and et al.},
    title = "{Planck 2015 results. XVII. Constraints on primordial non-Gaussianity}",
  journal = {ArXiv e-prints},
archivePrefix = "arXiv",
   eprint = {1502.01592},
 keywords = {Astrophysics - Cosmology and Nongalactic Astrophysics},
     year = 2015,
    month = feb,
   adsurl = {http://adsabs.harvard.edu/abs/2015arXiv150201592P},
  adsnote = {Provided by the SAO/NASA Astrophysics Data System}
}


@article{nfw,
   author = {{Navarro}, J.~F. and {Hayashi}, E. and {Power}, C. and {Jenkins}, A.~R. and 
	{Frenk}, C.~S. and {White}, S.~D.~M. and {Springel}, V. and 
	{Stadel}, J. and {Quinn}, T.~R.},
    title = "{The inner structure of {$\Lambda$}CDM haloes - III. Universality and asymptotic slopes}",
  journal = {\mnras},
   eprint = {astro-ph/0311231},
 keywords = {gravitation, cosmology: theory, dark matter},
     year = 2004,
    month = apr,
   volume = 349,
    pages = {1039-1051},
      doi = {10.1111/j.1365-2966.2004.07586.x},
   adsurl = {http://adsabs.harvard.edu/abs/2004MNRAS.349.1039N},
  adsnote = {Provided by the SAO/NASA Astrophysics Data System}
}

@ARTICLE{padmanaban2016,
   author = {{Padmanabhan}, N. and {White}, M. and {Zhou}, H.~H. and {O'Connell}, R.
	},
    title = "{Estimating sparse precision matrices}",
  journal = {\mnras},
archivePrefix = "arXiv",
   eprint = {1512.01241},
 primaryClass = "astro-ph.IM",
 keywords = {methods: statistical},
     year = 2016,
    month = aug,
   volume = 460,
    pages = {1567-1576},
      doi = {10.1093/mnras/stw1042},
   adsurl = {http://adsabs.harvard.edu/abs/2016MNRAS.460.1567P},
  adsnote = {Provided by the SAO/NASA Astrophysics Data System}
}


@ARTICLE{Sellentin:2016a,
    author = {{Sellentin}, E. and {Heavens}, A.~F.},
    title = "{Parameter inference with estimated covariance matrices}",
    journal = {\mnras},
    archivePrefix = "arXiv",
    eprint = {1511.05969},
    keywords = {methods: data analysis, methods: statistical, cosmology: observations},
    year = 2016,
    month = feb,
    volume = 456,
    pages = {L132-L136},
    doi = {10.1093/mnrasl/slv190},
    adsurl = {http://adsabs.harvard.edu/abs/2016MNRAS.456L.132S},
    adsnote = {Provided by the SAO/NASA Astrophysics Data System}
}

@ARTICLE{Guo:2012a,
    author = {{Guo}, H. and {Zehavi}, I. and {Zheng}, Z.},
    title = "{A New Method to Correct for Fiber Collisions in Galaxy Two-point Statistics}",
    journal = {\apj},
    archivePrefix = "arXiv",
    eprint = {1111.6598},
    primaryClass = "astro-ph.CO",
    keywords = {cosmology: observations, cosmology: theory, galaxies: distances and redshifts, galaxies: halos, galaxies: statistics, large-scale structure of Universe},
    year = 2012,
    month = sep,
    volume = 756,
    eid = {127},
    pages = {127},
    doi = {10.1088/0004-637X/756/2/127},
    adsurl = {http://adsabs.harvard.edu/abs/2012ApJ...756..127G},
    adsnote = {Provided by the SAO/NASA Astrophysics Data System}
}

@ARTICLE{Hahn:2017a,
    author = {{Hahn}, C. and {Scoccimarro}, R. and {Blanton}, M.~R. and {Tinker}, J.~L. and 
        {Rodr{\'{\i}}guez-Torres}, S.},
    title = "{The Effect of Fiber Collisions on the Galaxy Power Spectrum Multipoles}",
    journal = {\mnras},
    archivePrefix = "arXiv",
    eprint = {1609.01714},
    keywords = {cosmology: observations, cosmology: large-scale structure of universe, galaxies: halos, galaxies: statistics},
    year = 2017,
    month = jan,
    doi = {10.1093/mnras/stx185},
    adsurl = {http://adsabs.harvard.edu/abs/2017MNRAS.tmp..189H},
    adsnote = {Provided by the SAO/NASA Astrophysics Data System}
}

